3147 3774
323 209 382 248 11.

344 1542 380 1577 s·-
344 1490 380 1527 επ

348 2253 386 2288 20

1461 77 1752 118 —38—

423 206 459 247 si
485 206 583 259 quid
610 207 650 248 in
677 206 793 247 uobis
819 205 985 245 notitiae
1012 216 1060 244 ac
1087 216 1126 244 ιι.
1154 207 1228 244 est.
1284 205 1330 244 17
1358 207 1398 244 et
1428 203 1563 244 Corvi-

423 271 518 298 num
544 260 597 297 ab
626 259 704 296 illis
732 263 770 295 ct
797 257 976 295 Asinium
1003 256 1133 294 audiri
1160 255 1354 306 potuisse.
1406 259 1454 295 21
1489 266 1562 295 nec

422 312 669 350 voluntatem
697 310 745 358 ei,
775 330 836 357 -,
865 308 937 346 sed
964 308 1166 357 ingenium
1192 320 1242 346 ac
1268 321 1307 345 v.
1337 307 1525 346 defuisse.

423 362 476 402 Η.
506 365 541 410 1,
568 363 618 401 38
650 372 722 399 nec
757 358 810 398 ad
850 359 996 398 bellum
1030 371 1104 398 vos
1142 371 1215 398 nec
1254 359 1307 398 ad
1346 359 1563 409 periculum

476 423 588 452 voco.

425 465 474 504 G.
501 466 549 504 37
576 463 603 501 f.
631 463 671 500 in
700 462 782 501 suis
810 474 879 501 eos
908 462 1071 501 sedibus
1098 463 1368 513 perculerunt.
1421 462 1483 501 A.-
1501 464 1562 512 14,

473 517 522 554 62
548 513 576 553 f.
604 526 668 552 ma
699 525 750 552 na
778 514 814 552 ei
842 514 1020 563 praemia
1047 536 1100 542 —
1124 514 1339 563 promittis.

422 566 472 605 H.
499 568 536 615 2,
568 567 642 605 100
670 526 698 603 ῗ
720 564 860 603 eadem
887 565 978 604 illos
997 565 1178 616 pravitas
1204 565 1400 615 implevit.
1451 565 1499 605 A.
1527 567 1565 615 2,

471 620 522 655 63
570 621 697 655 tutam
745 617 781 655 ei
828 616 1142 667 honoratamque
1189 616 1325 656 sedem
1363 617 1404 655 in
1446 617 1565 656 Italia

470 669 570 708 fore.

420 719 471 758 H.
498 721 537 768 4,
564 721 613 758 21
642 730 772 770 neque
799 717 1017 770 proditoris
1042 730 1174 770 neque
1201 717 1376 760 hostium
1405 731 1448 760 se
1476 731 1565 759 eon·

471 771 573 810 siliis
600 771 672 810 uti.
732 771 809 820 Ag.
837 773 890 809 30
914 782 1087 820 magnus
1112 771 1209 808 mihi
1237 772 1394 810 animus
1423 775 1496 810 est.

419 821 468 862 A.
496 824 544 861 31
572 821 723 860 liberos
751 821 894 871 cuique
922 824 963 860 et
989 821 1238 872 propinquos
1266 834 1373 862 suos.

419 872 575 924 aliquid
601 872 812 912 elaborare
839 875 880 911 et
907 872 1077 912 efficere.

369 953 379 963 .
421 925 575 964 efficere
602 924 756 975 aliquid
784 928 824 964 et
852 924 963 964 eniti.

421 977 471 1018 G.
498 979 523 1017 8
548 976 577 1016 f.
607 980 789 1017 sanctum
817 976 873 1016 ali
903 976 973 1016 uid
1001 980 1042 1016 et
1068 977 1292 1028 providum.

420 1028 548 1068 donec
576 1028 686 1068 nulla
713 1027 789 1068 fuit
817 1029 858 1067 in
903 1040 973 1067 oro
995 1030 1214 1079 pax,nulla
1241 1030 1280 1067 in
1308 1032 1448 1068 senatu
1477 1041 1566 1068 con-

420 1079 572 1130 cordia,
600 1080 711 1118 nulla
738 1080 781 1118 in
807 1079 966 1118 iudiciis
992 1079 1226 1118 moderatio.

419 1131 471 1169 H.
507 1133 545 1181 3,
591 1133 638 1169 17
672 1131 823 1169 ιιιιΙΙιιιιι
861 1131 900 1168 in
946 1131 1014 1168 illa
1062 1129 1328 1180 trepidatione
1369 1130 1566 1170 Antonius

475 1182 700 1242 constantis
728 1181 839 1221 ducis
873 1184 942 1220 aut
981 1180 1187 1220 fortissimi
1221 1181 1364 1221 militis
1396 1181 1566 1221 officium

425 1236 672 1342 &affe-didm
702 1282 750 1319 de
779 1282 917 1320 eadem
945 1294 987 1320 re
1015 1282 1054 1319 in
1083 1282 1251 1320 eundem
1279 1282 1382 1321 diem
1412 1284 1566 1321 consul-

419 1337 686 1435 paiifgizoinium
732 1384 1007 1422 defendendae
1040 1384 1255 1443 ‘adversus
1298 1388 1339 1424 te
1386 1385 1568 1436 poeticae

419 1447 602 1545 {lxt‘elgir‘ij
615 1487 723 1536 apud
746 1498 821 1546 ‘eos
848 1491 1003 1546 partem
1031 1487 1164 1536 gratia
1190 1488 1439 1548 praevalere.

420 1549 543 1628 2⁶:33!
563 1550 604 1576 ιιι
644 1538 806 1588 publico
847 1550 1015 1588 species,
1057 1549 1160 1588 quae
1199 1551 1239 1577 ιιι
1267 1539 1424 1578 iudiciis
1452 1550 1567 1578 vene-

1662 206 1697 243 7.
1738 203 1854 243 huius
1883 206 2061 253 quantul.
2091 206 2129 244 in
2158 207 2328 245 dicendo
2355 209 2572 247 facultatis.
2626 212 2650 246 8
2678 210 2879 247 minimum

1737 254 1841 295 inter
1868 257 1928 295 tot
1954 267 2003 295 ac
2031 259 2145 296 tanta
2172 257 2315 297 locum.

1638 309 1698 345 12.
1738 307 1902 345 sedente
1942 312 2036 346 ante
2085 309 2230 347 ostium
2283 310 2500 360 litigatore.
2567 314 2614 352 13
2652 311 2801 351 auditis
2840 312 2882 351 iu

1739 358 1898 396 theatro
1926 359 2092 409 Vergilii
2118 360 2316 399 versibus.

1637 411 1699 449 16.
1736 413 1915 450 nostram
1953 423 2027 460 pro
2060 411 2313 462 antiquorum
2351 412 2471 451 laude
2506 415 2772 454 concordiam.
2831 417 2878 453 41

1739 461 1873 501 multis
1900 461 2009 512 apud
2035 463 2224 523 populum
2251 462 2505 503 contionibus
2525 466 2727 517 —longis
2754 467 2794 506 in
2822 477 2881 506 se-

1740 517 1836 551 natu
1864 514 2085 552 sententiis.
2138 516 2189 554 34
2215 526 2384 565 magnus
2411 525 2462 552 ex
2489 515 2566 554 hoc
2592 528 2702 557 usus.
2923 528 2930 531 ’

1768 564 1913 615 uinque
1953 564 1993 603 in
2027 565 2191 605 Verrem
2234 566 2371 605 libros.
2424 567 2475 606 39
2507 578 2610 606 unus
2647 568 2751 608 inter
2784 569 2882 608 haec

1771 616 1890 655 ‘centi
1916 620 1985 655 aut
2011 617 2115 656 alter
2140 616 2314 658 adsistit.

1637 670 1701 706 34.
1741 668 1958 717 principem
1986 669 2025 706 in
2053 669 2216 706 civitate
2245 670 2374 707 locum
2402 669 2624 707 obtinebat.

1743 719 1791 758 A.
1820 721 1857 769 3,
1886 721 1934 760 75
1990 718 2179 769 rineipem
2207 719 2246 759 in
2275 719 2438 759 civitate
2465 721 2596 759 locum
2623 721 2768 760 studiis
2789 723 2882 760 eivi-

1795 770 1900 809 libus
1927 782 1951 809 a
2003 775 2154 810 ecutus.

1745 821 1793 860 G.
1822 824 1846 860 2
1874 833 1993 860 unum
2020 822 2127 872 apud
2154 822 2245 860 illos
2272 821 2484 860 memoriae
2518 826 2558 861 et
2596 823 2729 862 annal.
2757 834 2886 872 genus

1797 876 1870 912 est.

1745 924 1793 964 G.
1825 927 1873 965 13
1899 924 2050 976 primus
2076 924 2185 977 apud
2212 924 2429 976 principem
2458 937 2570 966 suum
2597 925 2722 966 locus.

1745 977 1794 1015 Η.
1823 979 1860 1025 2,
1889 979 1939 1017 76
1965 977 1992 1016 f.
2021 982 2089 1017 tua
2115 981 2210 1017 ante
2237 989 2374 1016 omnes
2401 977 2659 1028 experientia.
2713 979 2763 1017 H.
2792 980 2830 1027 3,
2858 980 2882 1017 6

1795 1029 1960 1066 secretis
1987 1029 2095 1078 apud
2122 1029 2321 1067 Neronem
2349 1029 2596 1068 sermonibus
2622 1050 2674 1057 -
2701 1029 2883 1068 crimina·

1795 1081 1871 1117 tus.

1743 1130 1793 1166 H.
1821 1132 1858 1178 2,
1889 1132 1961 1168 101
1990 1130 2144 1169 lubrica
2179 1130 2233 1169 ad
2267 1130 2498 1170 mutandam
2531 1129 2649 1170 fidem
2676 1131 2805 1170 classe
2833 1130 2886 1169 ob

1793 1181 2023 1218 memoriam
2049 1181 2224 1220 recentis
2249 1193 2324 1231 pro
2350 1180 2507 1221 Othone
2534 1182 2712 1221 militiae.

1743 1232 1792 1269 H.
1821 1233 1858 1280 3,
1889 1233 1937 1270 18
1966 1232 2075 1270 laeto
2102 1231 2207 1270 inter
2228 1232 2342 1271 initia
2370 1232 2548 1282 equitum
2585 1244 2744 1271 suorum
2772 1245 2885 1282 proe-

1793 1281 1860 1319 lio.
1890 1281 1961 1320 cfr.
1989 1281 2109 1320 Roth.
2138 1282 2187 1320 E.
2215 1284 2304 1321 239.

1643 1334 1704 1371 12.
1743 1331 1928 1372 fabulosa
1955 1332 2072 1371 nimis
2100 1336 2141 1371 et
2168 1333 2403 1383 composita.

1741 1384 1819 1435 Ag.
1848 1386 1872 1423 3
1899 1383 2060 1443 ingenia
2088 1404 2139 1412 —
2166 1384 2414 1434 oppresseris
2441 1382 2599 1423 facilius
2621 1395 2741 1434 quam
2770 1397 2883 1425 revo-

1796 1446 1964 1473 caveris.

1744 1486 1793 1524 H.
1822 1488 1858 1534 3,
1886 1488 1938 1525 40
1963 1486 1990 1524 f.
2018 1498 2092 1524 nec
2118 1498 2241 1525 ausus
2268 1490 2329 1525 est
2357 1487 2458 1526 satis
2483 1499 2556 1526 nee
2584 1486 2771 1536 providit.

1849 1536 1928 1576 Cfr.
1957 1537 2060 1576 Adv.
2090 1540 2129 1576 et
2158 1538 2271 1578 Ocni.

1637 567 1700 605 20.

1206 1807 1398 1877 ME
1411 1805 2002 1876 TONYMIA.

538 2051 579 2084 Ι.
629 2045 933 2090 §tutulos-10
958 2043 1367 2088 metonymicas.

711 2144 791 2185 Cfr.
820 2144 938 2185 Roth.
967 2144 1066 2184 Exe.
1097 2146 1182 2185 117.

427 2250 589 2299 ingenia
628 2249 702 2288 fori
738 2250 901 2298 (imeifter
939 2254 996 2288 bet
1030 2250 1179 2299 getidytt.
1213 2248 1492 2296 fflnebiumieit).
1531 2249 1569 2285 3.

427 2312 524 2339 cura
563 2301 716 2350 (arbeit,
744 2301 1026 2350 ssussutbeitung,
1074 2298 1239 2347 Εώτίῖτ).
1293 2301 1330 2338 4.
1371 2297 1570 2337 contentio

432 2352 689 2401 (fftteitiacbe).
754 2353 791 2390 6.
836 2350 1030 2390 audaciae
1071 2349 1298 2402 (wagefffld)
1332 2348 1570 2401 iucunditas.

425 2406 462 2443 8.
490 2403 691 2453 principes
730 2403 770 2441 in
812 2402 989 2440 amicitia
1027 2401 1214 2441 Caesaris
1242 2402 1312 2451 (bie
1337 2403 1443 2449 ersten
1470 2406 1570 2440 uniet

424 2459 490 2496 ben
528 2454 770 2503 Qetttauten).
837 2455 872 2493 9.
917 2452 1155 2502 Vespasiani
1207 2452 1430 2492 liberalitas
1483 2452 1568 2500 (oe

426 2505 566 2554 favent).
605 2507 665 2544 12.
679 2504 880 2544 saeculum
908 2506 1110 2543 oratorum
1131 2506 1173 2543 et
1194 2502 1400 2542 criminum
1426 2502 1567 2552 (Εώιιῑε

424 2555 538 2606 niger)
574 2556 705 2605 inops.
769 2558 831 2594 36.
873 2556 1139 2604 eloquentiam
1180 2554 1351 2604 (metuet)
1399 2565 1569 2603 magnus

424 2606 627 2646 cumulare
660 2606 862 2657 praemiis.
915 2606 977 2645 38.
1007 2607 1069 2645 elo
1099 2605 1275 2645 uentiam
1308 2605 1408 2644 illud
1442 2603 1568 2643 forum

423 2658 555 2708 magis
582 2657 812 2697 exercebat.
839 2659 902 2696 41.
918 2656 1127 2697 elementia
1147 2656 1428 2707 cognoscentis
1449 2656 1565 2706 (OElnoz

424 2715 545 2750 ‘oenact
570 2715 632 2750 bes
661 2709 847 2756 fflicbtetss).

430 2811 478 2850 G.
508 2814 556 2850 14
582 2816 798 2861 expectare
832 2822 992 2849 annum.
1046 2811 1124 2860 Ag.
1152 2812 1201 2849 31
1237 2820 1363 2848 annus
1403 2810 1569 2859 (Sabus-³

480 2863 625 2914 ertrag).
680 2863 730 2902 H.
758 2865 796 2913 3,
824 2865 872 2903 51
909 2861 1027 2902 hasta
1062 2861 1218 2902 saevire
1256 2861 1570 2912 (Qetfteigerung).

480 2914 532 2952 H.
560 2916 598 2963 4,
625 2917 648 2952 9
674 2926 726 2952 m.
754 2914 795 2952 in
821 2914 993 2953 audacia
1021 2912 1251 2966 (ilBageftiid)
1279 2924 1403 2964 spem.
1456 2912 1506 2951 H.
1534 2915 1571 2962 2,

480 2967 532 3004 42
558 2964 703 3003 falsum
730 2966 918 3014 gaudium
957 2964 1325 3014 (ffieubenbotidyoft).
1379 2965 1429 3002 H.
1458 2965 1494 3012 5,
1522 2966 1572 3001 22

481 3016 658 3067 quietem
692 3015 849 3065 (Εὼῑαὶ)
889 3017 1111 3056 turbarent.
1175 3015 1224 3055 A.
1263 3017 1302 3066 2,
1339 3016 1388 3055 14
1424 3014 1571 3054 laetam

480 3068 657 3119 quietem
694 3068 949 3117 (ffituumbilb).
1002 3068 1050 3106 A.
1084 3070 1122 3119 2,
1159 3070 1210 3108 29
1244 3077 1325 3106 vox
1361 3066 1570 3118 (Qettbeinc

472 3118 608 3170 gaug).
670 3118 719 3157 G.
754 3120 805 3156 26
839 3118 952 3156 fenus
991 3120 1181 3167 (ilssucber).
1235 3119 1284 3156 A.
1311 3121 1350 3168 4,
1381 3120 1430 3156 10
1455 3128 1570 3154 vene-

479 3181 573 3211 num
600 3169 1022 3222 (Qetqiituugssnetiuffl).
1050 3169 1126 3219 Ag.
1160 3171 1213 3211 20
1238 3168 1475 3210 modestiam
1503 3167 1571 3217 (bie

480 3221 643 3269 Qtauen)
683 3221 864 3270 laudare,
903 3219 1092 3259 disiectos
1131 3230 1327 3259 coercere.
1392 3219 1443 3258 Η.
1479 3221 1512 3268 1,
1545 3221 1569 3257 2

474 3272 641 3321 plenum
680 3271 832 3311 exsiliis
872 3270 1135 3320 (anaunten)
1173 3283 1295 3310 mare.
1357 3270 1405 3309 A.
1442 3273 1479 3319 2,
1523 3272 1569 3308 13

482 3321 734 3365 matrimonia
762 3321 953 3375 (ῧταιιεῐι).

1871 2046 1942 2080 11.
1995 2045 2236 2080 Plus-aus
2261 2045 2671 2090 metonymic-s.

1903 2143 1983 2183 efr.
2012 2144 2129 2184 Roth.
2159 2145 2257 2184 Exe.
2287 2148 2373 2184 111.
2402 2146 2447 2184 B.
2475 2148 2512 2186 8.
2541 2150 2629 2186 360.

1669 2300 1706 2337 3.
1736 2296 1960 2336 clientelae.
2012 2301 2049 2336 4.
2086 2297 2385 2336 advocationes.
2440 2302 2476 2337 5.
2513 2299 2714 2338 amicitiae
2741 2321 2795 2329 —
2820 2312 2886 2339 ne·

1749 2346 2023 2388 cessitudines.
2076 2350 2112 2388 6.
2153 2352 2214 2388 11.
2254 2349 2466 2390 comitatus
2505 2372 2554 2379 —
2593 2361 2792 2400 egressus.
2847 2354 2887 2391 9.

1747 2400 1955 2439 utilitates.
2009 2403 2070 2440 10.
2099 2401 2303 2451 elegorum
2329 2401 2520 2441 lasciviae
2547 2422 2599 2430 -
2625 2402 2888 2453 epigramma-

1746 2456 1830 2490 tum
1876 2452 1998 2490 lusus.
2070 2454 2130 2490 13.
2184 2452 2486 2490 sollicitudines.
2556 2456 2620 2490 21.
2675 2455 2886 2503 cogitatio-

1746 2514 1817 2541 nes
1868 2524 1919 2531 —
1972 2502 2267 2552 occupationes.
2344 2505 2408 2542 22.
2452 2515 2560 2543 usus.
2637 2505 2701 2544 28.
2752 2505 2886 2543 remis-

1747 2554 1878 2592 siones
1923 2555 2111 2604 lususque
2155 2574 2206 2581 —
2252 2553 2511 2593 educationes
2555 2575 2607 2582 —
2651 2555 2886 2605 pravitates.

1744 2605 2127 2695 Ξὲἰὶὲἰδέιιιιιίεῐίοιιεε.
2194 2607 2256 2645 39.
2310 2605 2581 2656 probationes.
2654 2608 2716 2646 39.
2761 2606 2887 2646 inimi-

1839 2807 1889 2843 11
1900 2808 1938 2844 Ι.
1975 2807 2257 2855 Temporis
2282 2809 2696 2857 prosopopoeia.

2083 2911 2162 2952 Cfr.
2191 2912 2236 2951 B.
2265 2912 2370 2953 Prol.
2399 2914 2460 2954 99.

1673 3070 1706 3107 1.
1745 3066 1879 3118 priora
1909 3066 2069 3106 saecula
2096 3088 2146 3095 —
2174 3069 2375 3108 oratorum
2393 3065 2565 3117 ingeniis
2583 3067 2791 3118 gloriaque
2818 3065 2886 3105 flo-

1743 3118 1905 3156 ruerint.
1958 3120 1996 3155 2.
2024 3121 2161 3157 nostra
2188 3129 2254 3169 qu.
2282 3119 2439 3171 civitas,
2467 3119 2594 3160 donec
2620 3139 2684 3170 —,
2715 3117 2808 3158 tulit
2836 3136 2887 3144 --

1745 3169 2005 3258 {zlbisgittiorem
2033 3170 2135 3218 eloq.
2190 3173 2251 3208 12.
2267 3183 2430 3209 aureum
2457 3173 2659 3209 saeculnm
2688 3189 2736 3197 —
2764 3169 2886 3206 abun-
