3147 3836
408 245 478 295 41.
512 245 567 289 13
599 243 654 288 de
681 243 932 290 'recentioris
961 244 1043 289 sori
1072 245 1174 290 tabe
1205 251 1249 289 et
1278 245 1448 291 lucrosa
1485 253 1528 292 et
1563 249 1852 305 sanguinante
1888 248 2134 304 eloquentia
2165 250 2213 293 A.
2249 250 2318 305 11,
2351 250 2392 295 5.
2424 251 2476 306 63
2527 252 2594 307 16,
2626 252 2697 295 26.
2728 253 2780 295 H.
2810 253 2853 308 4,

408 363 438 406 5
469 361 524 406 d'e
553 368 828 407 sacrosancta
856 362 1051 419 oratoris,
1083 363 1344 408 accusatoris
1374 368 1590 420 potestate
1619 366 1670 410 A.
1700 365 1744 421 4,
1777 365 1846 410 36.

411 421 466 464 13
498 419 554 464 de
584 421 716 465 anxia
745 427 962 466 oratorum
990 422 1083 466 vita
1111 423 1163 466 H.
1194 424 1237 477 4,
1270 423 1310 466 8.
1340 423 1391 465 A.
1422 424 1465 477 6,
1496 424 1566 467 48.

407 479 466 523 32
497 476 553 522 de
583 479 855 535 eloquentiae
883 479 1099 534 dignitate
1129 486 1172 524 et
1201 480 1386 525 sordidis
1416 480 1664 527 ministeriis
1695 483 1745 526 A.
1781 485 1849 538 11,
1881 485 1921 527 6.

407 537 466 581 36
497 536 552 581 de
582 538 838 583 testimoniis
868 538 915 581 in
944 538 1035 583 soro
1065 539 1258 583 dicendis
1286 541 1336 582 A.
1368 541 1410 595 2,
1443 540 1514 582 34.

408 598 448 640 7.
481 597 519 640 8.
552 598 607 641 13
637 598 694 642 de
719 597 942 698 ἔπηεὶἰο
988 604 1031 641 et
1075 599 1226 656 Crispo
1267 597 1509 643 delatorum
1550 600 1870 658 exemplaribus
1919 600 1971 644 H.
2002 599 2045 654 4,
2077 599 2135 643 42
2178 606 2221 645 et
2267 602 2533 660 principibus
2574 604 2618 648 in
2649 604 2853 650 Caesaris

501 656 690 700 amicitia
761 688 771 698 .
802 657 845 709 2,
877 657 947 699 84.

406 713 435 758 5
466 713 522 758 de
551 713 905 759 altercationibus
935 720 979 759 et
1008 714 1272 760 orationibus
1301 715 1495 760 Marcelli
1526 721 1568 761 et
1598 716 1789 761 Helvidii
1820 717 1872 761 H.
1903 717 1946 771 4,
1978 717 2017 761 5.
2051 717 2092 761 6.
2125 718 2165 774 73
2197 718 2239 774 4,
2272 719 2342 764 43.

407 772 436 817 5
467 771 523 817 de
551 771 746 818 Marcelli
775 773 864 817 acri
894 778 938 818 et
967 774 1125 818 minaci
1155 774 1402 830 eloquentia
1432 776 1485 820 A.
1520 778 1587 832 16,
1618 778 1678 821 22
1708 777 1763 833 ᾗ,
1794 778 1864 821 29.
1895 776 1947 819 Η.
1978 777 2020 832 2,
2053 776 2135 833 53’;
2167 778 2209 834 2,
2242 779 2300 822 95
2330 779 2357 822 s.

407 833 434 875 8
468 832 524 876 de
553 833 750 889 potentia
780 833 898 876 Vibii
929 834 1070 890 Crispi
1100 835 1151 876 H.
1183 836 1225 890 2,
1261 837 1327 880 10.
1358 836 1408 878 Α.
1442 836 1512 891 14,
1543 837 1612 880 28.

411 892 464 934 11
498 890 553 934 de
586 891 758 936 Vatinio
787 892 837 935 A.
871 892 940 948 15,
972 893 1043 936 34.
1074 894 1126 936 H.
1161 895 1199 948 1,
1231 894 1287 938 37
1320 894 1348 938 f.

407 951 463 994 37
496 950 551 994 de
581 951 782 995 Muciano
812 952 864 994 H.
896 953 939 1006 2,
970 953 1010 996 5.
1044 954 1112 996 76.

410 1009 465 1053 15
496 1008 550 1054 de
580 1009 782 1068 Vipstani
820 1009 1035 1055 Messalae
1065 1011 1313 1067 eloquentia
1343 1016 1386 1056 et
1415 1011 1572 1057 virtute
1603 1012 1781 1068 eiusque
1812 1011 1867 1057 de
1897 1012 2030 1057 fratre
2061 1011 2234 1067 Aquilio
2263 1012 2429 1069 Regulo
2461 1015 2511 1058 H.
2542 1017 2584 1072 4,
2617 1017 2699 1072 423
2732 1018 2774 1072 3,
2809 1018 2849 1059 9.

410 1069 464 1112 13
497 1068 552 1112 de
582 1069 1044 1125 Pomponio-Secundo
1075 1073 1123 1114 A.
1154 1072 1197 1127 5,
1226 1073 1284 1127 83
1319 1073 1388 1126 11,
1424 1072 1502 1127 133
1538 1074 1607 1127 12,
1638 1072 1710 1116 28.

410 1128 476 1170 19.
508 1129 566 1171 26
598 1127 654 1171 de
685 1128 836 1172 Cassio
866 1128 1026 1173 Severo
1056 1130 1108 1174 A.
1143 1132 1182 1185 1,
1216 1131 1296 1186 723
1326 1131 1370 1184 4,
1401 1131 1471 1174 21.

409 1186 465 1230 13
497 1185 552 1231 de
582 1186 773 1232 Domitio
802 1187 906 1232 Afro
937 1188 987 1232 A.
1016 1189 1059 1244 4,
1091 1190 1161 1233 42.

406 1245 464 1289 26
496 1244 551 1289 de
584 1245 782 1290 Gallione
813 1246 1005 1291 Senecae
1033 1249 1166 1291 fratre
1195 1249 1245 1292 A.
1279 1249 1347 1304 15,
1380 1249 1449 1292 75.

406 1305 465 1348 26
496 1305 552 1348 de
581 1305 834 1349 Maecenate
863 1308 913 1349 A.
947 1309 1016 1362 15,
1046 1309 1105 1352 53
1135 1322 1190 1350 m.
1221 1309 1271 1351 A.
1305 1310 1345 1363 1,
1379 1309 1446 1351 14.

407 1365 466 1407 24
496 1363 551 1407 de
581 1365 698 1408 fama
727 1365 954 1420 gloriaque
982 1373 1176 1411 veterum
1207 1372 1423 1412 oratorum
1452 1367 1588 1412 Asinii
1617 1366 1864 1425 (Pollionis)
1895 1372 1939 1411 et
1969 1366 2183 1411 Messalae
2213 1364 2427 1425 (Corvini)
2458 1368 2507 1413 A
2533 1369 2603 1423 11,
2636 1370 2663 1413 6
2695 1369 2745 1426 f.;
2784 1370 2851 1425 13,

500 1423 582 1480 343
613 1424 656 1479 3,
687 1424 768 1480 343
799 1425 843 1480 4,
875 1426 956 1481 343
987 1425 1255 1482 aliorumque
1285 1425 1340 1471 de
1370 1425 1614 1484 incorrupta
1644 1426 1891 1484 eloquentia
1919 1426 1969 1471 A.
2003 1428 2073 1482 11,
2106 1427 2159 1483 63
2195 1427 2263 1482 13,
2296 1427 2354 1471 42
2370 1425 2418 1483 ¹).

405 1481 464 1526 25
495 1480 551 1526 de
579 1483 712 1528 Bruto
743 1489 911 1528 oratore
941 1485 991 1528 A.
1021 1485 1065 1541 4,
1097 1486 1168 1530 35.

404 1543 460 1584 21
493 1541 548 1585 de
580 1543 766 1586 Caesare
795 1557 960 1588 summo
991 1549 1159 1588 oratore
1188 1547 1238 1589 A.
1273 1547 1343 1600 13,
1375 1546 1430 1600 33
1461 1546 1504 1599 4,
1535 1546 1605 1588 34.

408 1601 462 1643 17
494 1599 550 1644 de
580 1601 780 1646 Caesaris
809 1602 854 1646 in
883 1603 1152 1647 Britanniam
1183 1603 1459 1661 expeditione
1488 1604 1566 1660 Ag.
1601 1603 1667 1648 13.

287 1681 297 1686 -
407 1658 462 1703 37
496 1658 551 1704 de
581 1660 786 1718 Pompeio
816 1675 981 1707 morum
1010 1676 1186 1708 censore
1216 1664 1267 1708 A.
1297 1664 1339 1720 3,
1370 1664 1442 1708 27.

341 1734 345 1738 ·
405 1719 464 1763 36
495 1718 550 1764 de
579 1720 750 1765 nomine
780 1721 981 1779 populari
1011 1723 1062 1766 A.
1093 1723 1135 1779 3,
1168 1724 1251 1780 533
1286 1724 1355 1779 15,
1386 1723 1457 1766 21.

405 1778 463 1822 36
495 1778 550 1823 de
579 1780 682 1825 fatis
713 1779 999 1826 discordantis
1030 1783 1191 1828 Romae
1221 1784 1271 1827 A.
1306 1785 1345 1838 1,
1379 1784 1459 1839 14,
1490 1784 1532 1836 4,
1564 1783 1603 1826 6.
1636 1783 1706 1827 33.
1737 1782 1789 1827 Η.
1820 1784 1863 1838 2,
1895 1783 1965 1827 38.

405 1837 476 1882 40.
508 1839 563 1883 37
597 1838 653 1884 de
684 1839 891 1885 Gracchis
922 1841 1106 1897 aliisque
1136 1843 1428 1887 turbatoribus
1458 1841 1596 1900 plebis
1625 1842 1678 1885 A.
1711 1841 1754 1897 3,
1785 1843 1856 1885 27.
1887 1842 1939 1884 H.
1970 1842 2013 1897 2,
2045 1842 2117 1885 38.

408 1898 446 1940 1.
476 1897 547 1942 25.
578 1899 634 1942 41
667 1898 722 1943 de
751 1899 1025 1955 antiquitatis
1055 1901 1257 1947 laudibus
1287 1902 1338 1946 A.
1368 1903 1411 1957 4,
1443 1903 1526 1957 333
1557 1902 1597 1955 3,
1629 1902 1688 1945 55
1718 1901 1773 1957 113
1808 1902 1875 1956 15,
1911 1902 1988 1956 133
2024 1902 2062 1956 1,
2098 1902 2135 1943 1.
2166 1901 2218 1942 H.
2254 1902 2292 1955 1,
2329 1902 2365 1942 1.

406 1957 464 1999 14
493 1957 521 1999 f.
552 1958 611 2001 23
642 1958 672 2001 ἰ.
703 1957 758 2001 de
788 1959 906 2001 fama
936 1959 1055 2016 apud
1084 1966 1278 2017 posteros
1310 1961 1384 2004 cfr.
1414 1961 1627 2017 peroratio
1658 1960 1865 2003 Cremutii
1896 1959 2026 2003 Cordi
2055 1960 2105 2002 A.
2135 1961 2179 2014 4,
2211 1960 2270 2002 35
2299 1973 2354 2001 m.

403 2015 460 2057 41
494 2015 550 2060 de
579 2016 706 2061 modo
735 2017 950 2062 libertatis
979 2018 1052 2062 cfr.
1083 2020 1300 2075 peroratio
1333 2020 1524 2065 Cerealis
1553 2020 1603 2063 Η.
1635 2020 1679 2074 4,
1713 2020 1782 2064 74.
1812 2019 1863 2063 A.
1893 2018 1937 2074 4,
1969 2018 2039 2063 20.
2070 2017 2123 2062 H.
2153 2018 2197 2074 4,
2228 2017 2255 2062 8
2287 2031 2341 2061 m.

404 2072 608 2120 Fortasse
637 2075 770 2120 etiam
799 2089 894 2132 cap.
928 2077 980 2120 17
1013 2077 1153 2122 verbis
1189 2078 1337 2132 „illum
1367 2078 1536 2123 Galbae
1566 2083 1609 2122 et
1640 2076 1823 2123 Othonis
1853 2082 1898 2121 et
1928 2077 2096 2121 Vitellii
2124 2077 2300 2132 longum
2331 2081 2374 2120 et
2406 2088 2536 2121 unum
2567 2081 2752 2120 annum“
2778 2091 2850 2122 vo-

286 2133 677 2237 luntageqiuaefiedam
707 2140 751 2178 et
779 2134 972 2182 studium
1002 2135 1202 2181 historias
1233 2137 1326 2183 eius
1356 2138 1559 2194 temporis
1588 2150 1689 2182 mox
1718 2135 2000 2193 conscripturi
2032 2135 2297 2193 designatur.

554 2206 652 2239 aec·
692 2200 880 2240 actenus.

402 2250 469 2294 Ea
499 2258 593 2296 erat
620 2193 791 2298 illarum
818 2259 1059 2311 temporum
1091 2255 1297 2311 condicio,
1330 2260 1378 2299 ut
1412 2255 1663 2312 magnitudo
1693 2269 1779 2300 non
1807 2255 1946 2299 solum
1975 2255 2057 2297 viri
2087 2253 2185 2311 (Ag.
2220 2253 2294 2311 17)
2323 2252 2402 2297 sed
2433 2253 2566 2296 etiam
2589 2252 2720 2321 ‘ducis
2751 2253 2850 2311 (Ag.

285 2310 356 2353 39.
376 2310 427 2353 A.
457 2312 526 2366 11,
548 2310 626 2370 20)
656 2324 711 2355 ne
739 2317 840 2357 voto
861 2312 1036 2367 quidem
1066 2314 1323 2370 expetenda
1341 2315 1454 2358 inter
1481 2314 1649 2359 inlicita
1679 2319 1723 2358 et
1754 2313 1997 2371 periculosa
2025 2312 2258 2357 haberetur
2289 2317 2332 2357 et
2362 2316 2531 2356 tantum
2561 2312 2755 2381 civilium
2785 2325 2850 2355 ar·

285 2368 394 2412 tium
423 2367 555 2415 decus
584 2370 911 2428 relinqueretur,
944 2378 988 2416 et
1017 2386 1073 2416 ne
1102 2371 1150 2416 id
1173 2372 1348 2429 quidem
1368 2373 1461 2418 sine
1480 2373 1694 2431 perieulis.
1733 2373 1875 2426 Quam
1906 2371 2042 2416 dubia
2071 2377 2114 2415 et
2143 2371 2308 2415 incerta
2338 2371 2605 2427 privatorum
2633 2369 2852 2415 hommum

284 2427 406 2472 salus
435 2433 568 2485 atque
597 2430 882 2487 incolumitas,
904 2444 1036 2486 quam
1062 2445 1223 2489 anceps
1254 2437 1298 2477 et
1328 2432 1549 2477 deminuta
1577 2437 1793 2477 oratorum
1822 2431 1975 2488 gloria,
2006 2444 2136 2488 quam
2165 2430 2406 2487 perniciosa
2434 2429 2607 2475 virtutis
2637 2434 2682 2473 et
2711 2429 2852 2474 famae
2928 2458 2933 2462 -

285 2486 519 2533 aemulatio
548 2488 671 2546 foret,
704 2489 882 2536 Tacitus
910 2491 1132 2536 saeviente
1161 2491 1408 2537 Domitiano
1439 2497 1483 2537 et
1511 2491 1685 2537 saeculo
1727 2491 1820 2537 eius
1868 2490 2075 2547 languido
2115 2502 2256 2546 neque
2300 2488 2433 2534 fertili
2473 2487 2682 2533 virtutum
2711 2501 2851 2545 neque

285 2547 480 2605 patiente
509 2549 616 2594 satis
636 2556 905 2606 'cognoverat
936 2555 980 2595 et
1008 2556 1173 2597 maesto
1203 2552 1349 2597 animo
1374 2552 1668 2597 imminentem
1697 2564 1727 2596 a
1758 2551 1987 2596 Germanis
2017 2550 2199 2595 exitium
2226 2549 2396 2607 patriae
2433 2547 2506 2608 (G.
2539 2549 2609 2593 33.
2639 2548 2694 2592 H.
2729 2550 2768 2604 1,
2800 2548 2849 2619 8)

284 2612 580 2664 prospexerat.
639 2609 719 2654 His
749 2610 949 2666 cogitatis
980 2616 1024 2655 et
1053 2610 1277 2668 perpensis
1307 2624 1337 2655 a
1365 2611 1514 2656 labore
1543 2611 1702 2657 forensi
1731 2624 1779 2656 se
1809 2610 2007 2656 deiunxit
2047 2615 2096 2655 ut
2137 2615 2326 2654 remotus
2355 2622 2384 2652 a
2413 2607 2619 2677 sordi-bus·
2639 2620 2691 2676 ac
2723 2608 2848 2677 laen-

284 2665 367 2711 mis
396 2679 565 2712 reorum
594 2671 637 2712 et
666 2668 825 2714 vilibus
854 2669 1145 2726 litigatoribus
1176 2675 1219 2714 et
1249 2670 1477 2716 causidicis
1505 2676 1583 2715 aut
1612 2671 1900 2729 praemiorum
1939 2669 2062 2714 hiatu
2092 2675 2136 2713 et
2165 2668 2388 2725 sanguinis
2408 2666 2587 2711 hbidme
2605 2667 2852 2737 insignibus

284 2731 362 2769 aut
391 2726 488 2782 ipso
519 2727 769 2783 quotidiano
799 2742 994 2774 sermone
1022 2729 1160 2774 foedis
1188 2729 1307 2775 vitiis
1335 2730 1471 2775 mixto
1499 2729 1620 2788 apud
1648 2729 1814 2775 iudices
1851 2729 2148 2775 fabulantibus
2188 2729 2234 2772 in
2271 2732 2435 2789 secreto
2465 2738 2638 2795 recessu
2668 2738 2721 2770 ac
2751 2725 2851 2771 soli·

284 2782 436 2828 tudine
465 2785 755 2842 eloquentiam
784 2788 948 2833 foveret
977 2789 1234 2834 sanctiorem
1264 2794 1308 2834 et
1337 2790 1641 2846 augustiorem,
1676 2795 1725 2834 ut
1755 2789 1958 2834 historias
1988 2789 2201 2833 Romanas
2227 2785 2428 2831 conderet
2447 2786 2854 2856 quas-immortales

284 2841 454 2887 futuras
483 2857 578 2888 esse
607 2852 723 2890 recte
753 2854 993 2902 auguratur
1022 2847 1200 2906 Plipius.
1258 2848 1404 2892 Etiam
1434 2850 1644 2894 exstincto
1674 2849 1922 2894 Domitiano
1951 2848 2019 2892 bis
2049 2851 2215 2891 tantum
2245 2843 2438 2912 videtur·
2453 2843 2630 2900 pubhco
2670 2849 2854 2890 oratoris

285 2913 460 2947 munere
478 2901 650 2949 functus
670 2917 776 2950 esse.
819 2906 883 2951 Ac
902 2906 1088 2964 primum
1108 2906 1283 2963 quidem
1311 2906 1604 2953 laudationem
1633 2907 1787 2952 habuit
1816 2906 2001 2952 consulis
2030 2905 2075 2948 in
2104 2904 2225 2948 cuius
2254 2902 2395 2947 locum
2424 2914 2521 2959 ipse
2550 2902 2758 2948 suffectus
2788 2909 2854 2946 est

392 3055 418 3101 ¹>
450 3055 1450 3146 ..samm-..mmm
1468 3053 2851 3150 ⁰53⁶e...1:....w2a¹>251.12...Gaemffiffiaeezssassadffissz

1393 3135 1402 3144 ο
1594 3133 1603 3141 ·
2431 3129 2441 3138 ⁶
2490 3128 2500 3146 5
2582 3128 2592 3145 ἲ
2721 3129 2729 3137 “

451 3151 566 3189 tensio
589 3151 634 3187 A.
658 3151 694 3198 2,
717 3152 741 3189 3
766 3165 776 3198 ;
802 3153 846 3190 de
869 3153 1050 3192 Mamerco
1075 3155 1211 3193 Sauro
1233 3119 1288 3193 A?
1303 3156 1339 3202 3,
1363 3155 1409 3193 31
1433 3135 1462 3192 f.'
1484 3155 1517 3200 6,
1541 3153 1600 3199 293
1625 3152 1670 3191 de
1693 3151 1893 3190 evitemo
1917 3151 1962 3188 A.
1988 3151 2024 3198 3,
2050 3150 2119 3197 13;
2144 3149 2190 3189 «ιο
2212 3149 2256 3188 L.
2271 3150 2444 3206 Amflo
2467 3153 2504 3185 et
2525 3147 2725 3186 Aesernino
2750 3148 2848 3187 mr-

455 3198 545 3236 oeno
568 3199 612 3234 A.
640 3199 697 3244 11,
723 3200 746 3236 6
770 3200 815 3246 f.;
839 3200 885 3236 A.
911 3201 946 3246 3,
974 3201 1035 3248 113
1062 3202 1106 3239 de
1131 3203 1173 3248 Q.
1199 3203 1346 3240 Haterio
1369 3203 1414 3239 A.
1440 3204 1475 3247 4,
1500 3203 1565 3245 65;
1590 3200 1635 3238 de
1660 3200 1793 3238 Trione
1816 3199 1979 3237 Fulcinio
2004 3199 2049 3235 A.
2076 3200 2110 3245 5,
2136 3199 2201 3254 113
2226 3198 2272 3235 de
2295 3198 2464 3234 Passieno
2487 3194 2534 3232 A.
2560 3195 2584 3232 6
2620 3194 2690 3241 203
2727 3196 2772 3234 de
2796 3198 2849 3235 M.

449 3245 590 3284 Vinicio
612 3245 657 3283 A.
677 3246 711 3294 6,
739 3245 803 3294 15;
827 3247 872 3284 de
894 3247 1019 3285 Laelio
1041 3249 1156 3286 Balbo
1179 3250 1224 3287 A.
1250 3250 1285 3297 6,
1308 3250 1357 3288 48
1379 3249 1424 3296 f.;
1451 3249 1495 3287 de
1518 3248 1642 3286 Cluvio
1665 3247 1760 3286 Rufo
1784 3247 1832 3285 11.
1857 3248 1892 3294 4,
1916 3247 1984 3292 433
2006 3246 2051 3283 de
2075 3246 2198 3302 Curtio
2221 3246 2395 3281 Montano
2419 3248 2457 3279 et
2478 3242 2551 3288 Aq.
2577 3222 2716 3300 Hegulo
2740 3244 2785 3280 11.
2812 3246 2849 3290 4,

451 3294 516 3340 42;
539 3295 585 3332 de
609 3294 764 3332 Senecae
786 3296 928 3332 Annaei
950 3297 1173 3334 orationibus
1195 3299 1314 3346 A.14,
1329 3297 1374 3335 52
1397 3297 1443 3343 f.;
1468 3298 1511 3333 A.
1539 3296 1597 3341 13,
1621 3295 1750 3341 3.11;
1779 3296 1837 3342 14,
1864 3295 1929 3340 11;
1954 3294 2000 3331 de
2024 3293 2168 3350 Galerio
2193 3290 2369 3348 'trachalo
2393 3288 2560 3337 Η.1,90
2578 3295 2616 3328 et
2637 3301 2685 3328 nn
2813 3303 2854 3348 re

449 3341 594 3380 Vitellio
617 3343 664 3380 Η.
689 3341 724 3389 2,
748 3343 794 3380 90
818 3348 855 3380 et
877 3343 922 3380 de
946 3343 1081 3382 Galbae
1104 3350 1142 3381 et
1164 3345 1305 3384 Pisonis
1329 3344 1530 3394 eloquentia
1553 3343 1599 3382 Η.
1625 3343 1660 3391 1,
1687 3343 1752 3391 19;
1777 3342 1822 3382 de
1845 3341 1963 3390 legum
1986 3347 2110 3389 penus
2135 3341 2283 3380 Cocceio
2305 3337 2427 3377 Nerva
2449 3337 2495 3374 A.
2520 3338 2557 3386 4,
2583 3339 2652 3384 583
2702 3349 2722 3376 e
2747 3339 2852 3386 Capi·

449 3394 535 3429 tone
557 3391 664 3431 Ateio
687 3396 724 3430 et
748 3390 915 3431 Labeone
938 3391 1094 3431 Antistio
1119 3392 1163 3429 A.
1186 3393 1222 3441 3,
1247 3394 1306 3435 75.
