3147 3774
1444 130 1703 200 -4·.5

416 262 597 308 Omnem
642 268 786 306 autem
834 261 878 305 in
929 259 1115 305 oratorio
1160 266 1329 316 ornatu,
1381 274 1549 306 omnem
1586 261 1632 304 in
1668 260 1961 316 grammaticis
1997 262 2126 307 rebus
2157 275 2422 318 consensum,
2453 274 2600 309 omnes
2631 277 2658 308 a
2689 263 2867 319 Langeo

294 320 482 376 aliisque
513 323 709 366 inventas
740 320 992 376 locutiones,
1025 334 1137 375 quae
1168 320 1313 365 Taciti
1343 321 1543 377 propriae
1573 319 1803 365 videantur
1834 324 1877 365 et
1906 333 2082 366 numero
2112 334 2354 378 perpaucas
2386 333 2480 367 esse
2500 335 2641 378 neque
2660 323 2745 368 nisi
2767 335 2866 379 ope·

295 392 418 426 rosas
448 381 642 436 levisque
672 379 878 425 momenti
907 380 1125 438 minutias,
1158 380 1315 436 quibus
1345 380 1390 423 in
1420 384 1543 423 tanta
1573 379 1707 424 totius
1736 379 1898 423 formae
1929 379 2182 424 diversitate
2218 378 2325 423 nihil
2361 381 2499 437 possit
2539 382 2692 438 evinci,
2737 393 2872 437 quum¹

295 440 520 485 universus
552 440 746 484 delectus
776 440 1007 485 verborum
1037 446 1080 484 et
1111 440 1319 485 sermonis
1359 440 1636 484 conformatio
1673 445 1716 483 et
1760 439 2042 496 componendi
2080 440 2246 497 dialogi
2289 440 2400 484 ratio
2431 447 2474 485 et
2505 455 2576 486 ars
2606 442 2714 486 nihil
2747 440 2866 496 quid·

299 513 429 554 quam
459 500 617 543 habeat
642 500 974 544 ‚consuetudinis
1004 514 1106 544 vere
1137 500 1374 543 Tacitinae.

415 559 535 610 Quae
566 572 669 603 vero
701 558 962 615 discrepent,
996 559 1225 603 adseverat
1252 557 1560 614 Bernhardyus
1593 557 1654 614 (p.
1678 559 1798 616 714),
1830 558 2045 614 permulta
2075 559 2339 614 maximique
2371 573 2466 604 esse
2495 560 2699 604 momenti
2728 572 2869 613 neque

293 617 338 661 in
367 629 421 662 ea
439 629 487 661 re
516 616 835 663 levissimarum
855 619 1163 674 particularum
1183 630 1307 662 usum
1328 629 1423 661 esse
1444 616 1785 673 neglegendum3
1818 616 2059 662 huiusmodi
2075 629 2184 673 esse,
2215 619 2337 662 verbi
2367 619 2525 674 gratia,
2559 632 2671 674 quae
2701 619 2746 662 in
2776 618 2867 661 dia-

292 676 391 732 logo
422 676 680 733 saepissime
710 682 901 720 recurrat
937 680 1131 730 „autem“
1166 676 1438 733 particulam,
1472 690 1585 730 quae
1615 677 1661 719 in
1691 677 1888 721 omnibus
1920 676 2061 720 Taciti
2100 676 2275 732 seriptis
2302 677 2378 720 vix
2410 677 2554 722 decies
2585 679 2836 734 reperiatur.

412 735 622 779 Similiter
644 737 811 780 notavit
827 736 1079 779 Leonardus
1095 736 1368 791 Spengelius,
1401 735 1468 777 vir
1490 735 1818 791 eruditissimus,
1842 735 1905 791 (in
1924 741 2242 792 programmate
2267 735 2527 792 academico,
2551 752 2635 792 quo
2651 736 2870 780 Friderico

294 793 550 838 Thierschio
581 796 837 849 gratulatur,
871 794 987 838 edito
1016 794 1200 848 Monaci,
1237 794 1366 847 1852,
1399 809 1440 848 p.
1472 793 1519 850 9)
1550 793 1801 849 scriptorem
1832 794 1997 849 dialogi
2026 795 2274 849 pronomine
2305 795 2449 850 „ipse“
2478 796 2583 839 mire
2607 795 2869 840 delectatum

296 857 341 895 et
372 853 557 896 abusum
589 866 710 908 esse;
742 866 844 895 nam
874 852 920 895 in
950 852 1031 897 hoc
1062 866 1147 897 uno
1178 852 1328 896 libello
1358 852 1448 895 fere
1479 852 1641 896 centies
1672 853 1906 908 repetitum
1936 852 2131 896 inveniri.
2631 882 2637 886 -

412 912 468 955 Et
498 912 711 956 Henricus.
742 911 1015 956 Gutmannus
1031 909 1080 970 ¹),
1111 911 1353 966 Helvetius,
1384 911 1652 966 frequentem
1688 911 1913 964 „hercule“
1949 911 2255 956 interiectionis
2276 925 2401 957 usum
2425 912 2703 957 vehementer
2732 913 2867 956 incre·

291 971 411 1028 puit3
442 970 697 1014 incredibile
729 972 843 1014 enim
875 984 970 1015 esse
1002 971 1238 1014 arbitratur
1269 972 1519 1026 scriptorem
1549 983 1847 1024 quemcunque
1878 972 1923 1013 in
1953 984 2037 1014 uno
2068 971 2178 1014 libro
2209 972 2469 1015 vocabulum
2497 972 2674 1027 aliquod
2695 973 2764 1015 vel
2787 973 2867 1014 for-

290 1043 405 1073 mam
436 1030 630 1084 aliquam
661 1030 849 1086 dicendi,
881 1031 1138 1087 praesertim
1178 1044 1291 1085 quae
1334 1030 1441 1073 nihil
1478 1029 1536 1073 ad
1572 1044 1661 1073 rem
1701 1030 1849 1084 faciat,
1891 1030 2066 1086 saepius
2109 1029 2405 1074 adhibiturum
2447 1031 2594 1086 fuisse,
2639 1032 2684 1075 in
2715 1031 2869 1075 ceteris

291 1102 432 1146 paene
462 1102 689 1144 nusquam.
722 1090 866 1143 Quum
895 1089 1204 1146 Bernhardyus
1245 1089 1424 1134 formam
1465 1088 1636 1133 dicendi
1665 1089 1905 1145 simplicem
1941 1094 1985 1133 et
2015 1089 2072 1133 ab
2103 1089 2309 1134 affectata
2339 1103 2391 1134 ac
2422 1090 2578 1148 putida
2608 1092 2775 1135 ratione
2805 1102 2868 1133 re-

293 1153 456 1195 motam
487 1154 544 1205 et,
579 1154 788 1205 quantum
818 1163 898 1207 per
929 1163 983 1192 ea
1011 1155 1208 1206 tempora
1239 1148 1422 1205 licuerit,
1474 1149 1666 1206 proxime
1702 1148 1759 1192 ad
1790 1149 2003 1204 integram
2038 1149 2321 1193 Latinitatem
2371 1149 2646 1193 accedentem
2696 1149 2872 1194 summis

293 1207 447 1252 efferat
476 1208 695 1263 laudibus,
728 1223 859 1263 quum
890 1209 984 1264 ipse
1015 1209 1190 1263 Lipsius
1221 1208 1443 1262 dialogum
1476 1221 1570 1252 esse
1611 1213 1786 1253 censeat
1816 1209 2023 1264 optimum
2053 1209 2168 1264 stilo,
2210 1209 2471 1263 inventione,
2501 1209 2675 1264 iudicio,
2718 1209 2780 1252 ita
2821 1214 2870 1251 ut

293 1267 340 1310 in
379 1265 460 1311 hoc
503 1280 663 1321 genere
706 1268 898 1311 conferre
929 1267 1038 1310 nihil
1070 1271 1291 1310 vereretur
1329 1281 1427 1310 cum
1463 1267 1526 1310 eis
1564 1281 1676 1321 quae
1720 1267 1871 1324 optimi
1907 1267 2069 1310 saeculi
2107 1272 2151 1311 et
2196 1268 2387 1324 optimae
2424 1272 2567 1323 notae,
2611 1268 2726 1311 idem
2765 1267 2869 1311 Gut-

292 1338 474 1372 mannus
506 1323 543 1383 ²)
595 1330 745 1370 contra
787 1326 832 1370 in
870 1325 1045 1381 dialogo
1082 1326 1220 1369 multa
1265 1330 1461 1370 contorta
1497 1330 1541 1369 et
1582 1327 1784 1380 neglecta
1826 1332 1869 1371 et
1911 1326 2193 1370 Latinitatem
2238 1327 2326 1369 iam
2369 1327 2589 1370 labentem
2627 1326 2869 1370 redolentia

295 1384 362 1442 (ut
395 1385 644 1428 substantia
679 1386 950 1441 facultatum,
998 1386 1210 1428 utilitates
1247 1385 1378 1439 alere,
1416 1385 1638 1439 negotium
1674 1386 1758 1428 sibi
1804 1387 2049 1441 importare,
2088 1385 2196 1442 alia)
2240 1386 2457 1442 invenisse
2499 1386 2582 1427 sibi
2632 1386 2748 1427 visus
2794 1390 2870 1427 est.

291 1443 438 1487 Etiam
467 1457 691 1487 numerum
729 1445 963 1488 oratorium
999 1458 1147 1488 carere
1177 1444 1296 1487 vitiis
1326 1449 1482 1498 negat:
1518 1444 1675 1499 verbis,
1710 1457 1822 1497 quae
1854 1444 1998 1500 capite
2037 1445 2075 1487 7.
2105 1445 2310 1498 leguntur
2345 1445 2485 1496 „latus
2516 1444 2666 1487 clavus
2697 1444 2868 1487 oblatus

294 1505 384 1545 est“
419 1502 608 1546 offensus
639 1503 820 1547 adnotat
850 1504 964 1546 male
985 1517 1137 1547 sonare
1159 1517 1270 1556 quae
1290 1504 1430 1546 simile
1450 1507 1617 1557 sonent,
1648 1510 1691 1547 et
1711 1517 1805 1559 cap.
1823 1504 1892 1546 34.
1927 1504 2160 1555 „interesse
2174 1528 2228 1535 -
2245 1503 2497 1547 interesset“
2522 1501 2631 1546 haec
2651 1501 2860 1546 molestis-

293 1560 401 1609 sime
431 1561 581 1605 iterari
614 1562 846 1607 existimat.
907 1563 1142 1606 Praeterea
1172 1562 1388 1618 permulta
1430 1563 1475 1606 in
1521 1562 1695 1617 dialogo
1739 1562 1919 1618 reperiri
1960 1561 2065 1606 bina
2106 1562 2320 1606 vocabula
2362 1561 2478 1605 idem
2507 1561 2577 1604 vel
2608 1561 2748 1605 simile
2779 1560 2869 1603 fere

294 1619 598 1676 significantia,
639 1634 752 1676 quae
792 1622 1064 1677 grammatici
1121 1625 1316 1676 συνώνυμα
1360 1628 1528 1677 vocant,
1573 1627 1621 1664 ut
1663 1627 1802 1664 metus
1842 1626 1886 1664 et
1922 1626 2071 1675 terror,
2117 1621 2309 1664 carmina
2345 1626 2388 1663 et
2423 1633 2587 1674 versus,
2625 1620 2690 1663 vis
2722 1625 2765 1662 et
2796 1632 2870 1674 po—

296 1684 447 1734 testas,
479 1679 660 1725 fortuita
692 1686 736 1723 et
777 1681 922 1724 subita
963 1680 1108 1735 dictio,
1147 1681 1344 1733 angustis
1388 1687 1431 1725 ct
1469 1681 1674 1725 brevibus
1710 1681 1920 1725 terminis:
1958 1680 2188 1723 ridiculum
2224 1680 2388 1725 scilicet
2419 1680 2533 1723 binis
2564 1679 2729 1734 pariter
2759 1678 2869 1720 ince—

297 1737 500 1784 dentibus
531 1741 595 1783 uti
625 1741 782 1794 verbis,
816 1741 889 1782 ubi
920 1740 1094 1793 singula
1124 1740 1351 1783 sufficiant.

416 1796 694 1842 Eichstadius
725 1797 763 1857 ³)
805 1812 976 1853 quoque
1013 1798 1212 1855 scriptori
1248 1798 1402 1843 vitium
1439 1798 1703 1853 tautologiae
1747 1798 1979 1854 exprobrat
2018 1809 2201 1852 eumque
2245 1796 2518 1842 abundanter
2560 1795 2701 1850 magis
2742 1807 2871 1849 quam

297 1856 470 1915 copiose
503 1862 546 1901 et
577 1862 726 1904 ornate
758 1858 982 1915 scripsisse
1014 1858 1191 1903 censuit.
1222 1858 1286 1902 Ac
1316 1859 1507 1915 profecto
1539 1871 1620 1913 ego
1652 1857 1852 1913 equidem
1882 1857 2055 1901 minime
2087 1857 2308 1902 adsentior
2337 1856 2580 1912 Haackhio,
2612 1855 2686 1910 qui
2718 1855 2763 1897 in
2790 1854 2871 1897 Le·

296 1916 392 1961 xico
423 1916 548 1960 Reali
579 1930 607 1960 a
637 1918 806 1974 Paulyo
848 1918 1034 1972 aliisque
1071 1918 1310 1974 conscripto
1348 1917 1454 1974 (VI.,
1486 1919 1528 1972 2,
1564 1917 1698 1975 1570)
1740 1918 1898 1973 spretis
1941 1916 2300 1972 dubitationibus,
2334 1930 2443 1972 quas
2474 1916 2608 1959 movit
2647 1919 2690 1957 et
2728 1920 2869 1958 movet

295 1975 385 2018 stili
417 1975 661 2031 diversitas,
695 1977 892 2032 Lipsium
923 1983 1179 2035 ὕπερκριπικῆς
1207 1983 1249 2019 et
1280 1978 1425 2020 nescio
1456 1978 1576 2020 cuius
1607 1977 1877 2032 petulantiae
1907 1990 1959 2018 ac
1989 1976 2166 2018 ludibrii
2197 1975 2559 2019 condemnaverit.
2852 2000 2859 2004 -

418 2033 521 2078 Sive
553 2049 651 2078 cum
682 2035 901 2092 Cicerone,
934 2037 1026 2080 sive
1058 2050 1154 2080 cum
1185 2036 1337 2080 Tacito
1370 2049 1668 2092 comparamus
1700 2034 1935 2090 dialogum,
1979 2034 2143 2079 versari
2186 2034 2384 2079 videmur
2421 2034 2465 2078 iu
2507 2032 2760 2088 quaestione
2797 2045 2872 2088 pa-

297 2093 402 2138 riter
432 2093 610 2140 lubrica.
674 2095 758 2148 Qui
796 2094 889 2138 fieri
919 2095 1074 2150 potuit,
1122 2095 1169 2138 'ut
1200 2095 1353 2139 summi
1384 2095 1548 2149 ingenii
1578 2095 1718 2150 homo,
1773 2107 1858 2148 quo
1889 2094 2101 2136 neminem
2132 2094 2267 2136 alium
2297 2093 2437 2148 magis
2467 2093 2557 2135 suis
2588 2091 2719 2135 armis
2750 2104 2872 2134 usum

298 2165 394 2195 esse
425 2152 636 2208 novimus,
670 2154 744 2208 qui
774 2167 888 2196 nova
920 2153 1134 2209 quaedam
1166 2159 1211 2212 εξ
1241 2154 1460 2208 exquisita
1490 2154 1694 2197 orationis
1725 2153 1882 2196 itinera
1913 2152 2192 2206 excogitavit,
2239 2152 2297 2195 ad
2328 2152 2612 2195 imitationem
2643 2149 2872 2193 descende-

298 2211 398 2253 ret?
429 2211 540 2254 Nam
570 2213 722 2254 merito
754 2212 959 2255 laudatur
988 2214 1066 2254 illa
1097 2213 1239 2255 Taciti
1269 2214 1462 2255 brevitas
1504 2219 1546 2254 et
1578 2213 1773 2255 densitas
1804 2211 2020 2265 quaedam
2056 2212 2277 2265 sermonis,
2311 2210 2539 2253 excelsitas
2583 2223 2634 2251 ac
2681 2207 2874 2262 gravitas

297 2269 619 2324 sententiarum,
652 2285 767 2314 nova
796 2271 863 2314 vis
894 2272 1135 2326 verborum,
1167 2285 1358 2326 casuum,
1392 2269 1626 2325 modorum,
1659 2269 1845 2314 audacia
1876 2268 2091 2324 quaedam
2121 2269 2167 2313 in
2197 2268 2495 2314 construendis
2525 2266 2772 2324 participiis
2815 2278 2869 2309 ex

299 2328 561 2374 Graecorum
590 2329 831 2376 imitatione
861 2335 1047 2387 sumpta,
1081 2331 1268 2387 abrupta
1299 2336 1342 2375 et
1373 2330 1483 2375 dura
1513 2330 1831 2375 enuntiatorum
1862 2333 2091 2385 structura,
2123 2329 2313 2373 varietas
2345 2334 2388 2372 et
2419 2327 2550 2372 decor
2575 2326 2754 2371 similior
2774 2337 2873 2383 poe-

297 2387 368 2443 tis,
401 2387 588 2443 denique
620 2389 798 2444 grandis
828 2389 903 2432 ille
935 2395 979 2432 et
1010 2396 1146 2447 σεμνῶς
1183 2390 1398 2446 profluens
1428 2390 1650 2432 annalium
1680 2390 1817 2433 stilus.

417 2448 649 2500 Agricolae
681 2449 856 2501 quidem
891 2450 985 2491 vita
1016 2463 1044 2491 a
1075 2449 1228 2492 Tacito
1259 2463 1372 2492 anno
1404 2451 1458 2491 97
1493 2455 1568 2491 aut
1600 2450 1658 2491 98
1690 2462 1730 2502 p.
1764 2448 1838 2489 Ch.
1871 2462 1910 2489 n.
1943 2447 2185 2501 conscripta
2221 2447 2402 2501 insignis
2439 2452 2505 2489 est
2545 2444 2748 2501 perfectis
2784 2444 2874 2498 ple-

300 2500 575 2560 nissimisilue
606 2506 795 2562 periodis
833 2512 876 2551 et
916 2508 1037 2551 laeta
1068 2507 1275 2563 oratione,
1317 2513 1463 2552 tamen
1504 2521 1589 2551 non
1627 2506 1783 2551 desunt
1820 2505 2009 2562 abrupta
2047 2504 2276 2561 quaedam,
2316 2505 2488 2550 concisa
2519 2510 2562 2548 et
2594 2503 2872 2556 subobscura,

299 2576 412 2617 quae
443 2564 596 2609 Tacito
627 2569 856 2622 tantopere
887 2566 1073 2622 placent.

419 2624 472 2667 In
504 2624 740 2668 Germania
769 2625 889 2669 edita
919 2639 957 2668 a.
991 2627 1047 2669 98
1079 2630 1155 2669 aut
1188 2626 1258 2681 99,
1291 2626 1328 2669 si
1360 2625 1678 2682 comparaveris
1714 2639 1809 2668 cum
1851 2624 2069 2680 Agricola,
2122 2624 2363 2667 sententiae
2402 2623 2635 2677 breviores,
2682 2621 2873 2663 membra

300 2682 542 2738 minutiora,
574 2684 766 2727 varietas
797 2687 1158 2729 constructionum
1190 2685 1453 2738 exquisitior.

399 2837 426 2882 ²)
468 2836 661 2921 Guffim’
685 2837 839 2874 Dissert.
866 2847 938 2884 qua
963 2837 1125 2873 Tacitum
1150 2836 1281 2882 dialogi
1305 2837 1350 2873 de
1367 2838 1570 2873 oratoribus
1588 2837 1799 2882 scriptorem
1823 2848 1896 2874 uon
1919 2848 1999 2874 esse
2023 2837 2306 2881 demonstratum
2330 2835 2368 2872 in
2391 2835 2447 2872 ed.
2473 2833 2582 2871 Orell.
2609 2831 2741 2877 Turici,
2770 2829 2874 2868 1830.

497 2911 506 2919 .
627 2896 644 2921 s
672 2913 680 2920 .

397 2929 427 2977 ἢ
470 2895 521 2968 {It
544 2896 754 2972 acerrimum
777 2933 873 2969 hunc
897 2937 934 2968 et
957 2932 1091 2978 dialogi
1116 2937 1153 2968 et
1176 2932 1330 2968 Pliniani
1354 2933 1547 2969 testimonii
1571 2932 1816 2969 adversarium
1841 2932 1944 2978 quasi
1968 2932 2005 2968 in
2028 2932 2107 2978 ipso
2131 2931 2268 2977 proelio
2293 2935 2513 2978 pugnantem
2536 2929 2670 2973 videas,
2702 2937 2748 2982 ex
2783 2927 2875 2962 eius-

468 2979 550 3016 dem
573 2980 729 3025 epistula
749 2980 981 3017 tumultuaria
1005 2987 1041 3017 et
1064 2980 1309 3026 obiurgator-ia
1331 2980 1469 3017 validos
1494 2980 1668 3026 quosdam
1693 2990 1819 3017 sensus
1844 2980 2035 3026 adponam.
2089 2979 2286 3017 »Universa
2316 2978 2431 3016 Taciti
2454 2978 2602 3024 scripta,
2637 2975 2754 3020 inqmt
2785 2973 2873 3009 Gut-

470 3037 636 3072 maunus,
661 3032 801 3063 tantum
825 3028 1032 3073 discrepant
1056 3039 1078 3063 a
1102 3022 1257 3073 dialogo,
1289 3033 1363 3065 tam
1388 3028 1529 3066 fortiter
1553 3029 1691 3064 animos
1715 3028 1907 3072 legentium
1930 3033 2165 3072 commovent,
2200 3033 2389 3072 tantopere
2425 3025 2623 3062 delectant:
2661 3024 2738 3077 hie·
2756 3023 2876 3057 autem

470 3073 613 3111 libellus
637 3079 692 3111 tot
716 3075 811 3112 vitiis
835 3080 873 3111 et
895 3075 933 3111 in
957 3075 1076 3112 verbis
1100 3080 1137 3111 et
1159 3075 1197 3113 in
1221 3075 1409 3115 sententiis
1432 3075 1584 3120 laborat,
1609 3080 1650 3112 ut
1674 3085 1778 3112 nemo
1804 3073 1989 3112 subtiliore
2014 3085 2122 3111 sensu
2145 3073 2330 3121 praeditus
2354 3073 2422 3111 sibi
2444 3073 2767 3125 persuasuruspit,
2804 3067 2876 3104 Ta·

471 3122 532 3160 citi
560 3123 692 3160 librum
729 3133 809 3160 ease
864 3133 945 3159 uem
980 3123 1087 3169 legat.
1115 3141 1157 3150 --
1182 3123 1224 3158 F.
1250 3123 1296 3159 A.
1321 3122 1446 3161 Wolffi
1471 3123 1606 3161 iudicio
1642 3122 1881 3160 accedendum
1913 3133 1992 3160 esse
2015 3133 2109 3168 reor,
2146 3122 2326 3169 dialogum
2350 3131 2481 3167 magno
2503 3119 2567 3156 illo
2590 3119 2668 3174 viro
2691 3116 2876 3162 indignum

472 3179 562 3208 esse.
591 3190 632 3196 -
659 3171 822 3216 Vestigia
898 3170 1049 3206 tinitatis
1072 3172 1110 3205 in
1133 3170 1291 3206 deterius
1315 3171 1501 3216 paullatim
1524 3171 1677 3207 labentis
1701 3171 1834 3215 insunt,
1860 3175 2052 3215 corruptus
2066 3171 2244 3207 interdum
2259 3181 2388 3214 sermo,
2413 3169 2502 3205 satis
2517 3167 2662 3211 vigoris,
2687 3164 2751 3202 sed
2767 3174 2878 3219 saepe

472 3218 636 3257 contorti.
666 3217 867 3256 »Aureolus
889 3218 958 3255 iste
982 3218 1166 3264 dialogus«
1193 3218 1254 3265 (W
1255 3217 1329 3255 olfii
1352 3218 1463 3257 verba
1487 3217 1665 3265 significat
1688 3218 1927 3265 Gutmannus)
1954 3228 2029 3254 non
2058 3228 2104 3254 ex
2133 3227 2223 3254 auro
2254 3228 2348 3264 puro
2383 3214 2613 3262 compositus,
2646 3211 2710 3268 sed
2742 3210 2876 3247 viliori-

472 3264 542 3302 bus
563 3266 716 3305 metallis
738 3266 882 3303 mixtus.
907 3266 990 3302 Nou
1013 3266 1206 3311 Ciceronis,
1229 3277 1304 3302 non
1327 3267 1419 3303 Livii
1442 3266 1677 3304 elocutionem
1701 3267 1834 3311 ubique
1850 3267 2025 3311 audimus,
2048 3277 2123 3303 non
2138 3266 2310 3311 Sallustii,
2329 3275 2446 3309 neque
2459 3263 2574 3309 ipsius
2589 3260 2716 3297 Tanti.
2744 3257 2875 3314 Quam-

470 3312 526 3350 vis
549 3312 652 3352 multi
673 3313 743 3350 loci
767 3314 844 3351 sine
866 3312 976 3350 dubio
999 3313 1133 3359 egregii
1157 3313 1240 3360 sint,
1264 3318 1386 3351 tamen
1410 3313 1586 3359 quaedam
1609 3314 1726 3352 minus
1750 3313 1841 3352 bene
1865 3314 1962 3351 dieta
1994 3313 2082 3352 satis
2107 3318 2273 3360 arguunt,
2314 3312 2392 3350 eius
2424 3316 2609 3349 uictorem
2641 3317 2714 3345 non
2745 3315 2875 3343 imum

473 3365 711 3407 conquestum
735 3372 814 3398 esse
835 3361 880 3398 de
904 3361 1337 3407 corrupta.eloquentia.«
1386 3362 1486 3397 Haec
1507 3361 1746 3399 Gutmannus.

401 3406 430 3451 ⁸)
473 3407 697 3454 Eielxstaedt‚
720 3408 776 3445 De
799 3409 881 3445 dial.
909 3410 970 3454 qui
994 3409 1099 3445 inser.
1125 3409 1170 3445 de
1195 3420 1246 3445 or.
1295 3409 1420 3452 Jenae,
1450 3409 1552 3446 1839.
1578 3410 1613 3445 4.
