3147 3774
229 222 243 236 ⁸
269 240 404 298 plecti
435 234 682 296 eloquentia
709 237 968 294 provincias,
999 250 1154 282 nomen
1182 236 1372 280 inserere
1402 234 1559 290 famae,
1592 234 1704 279 hanc
1734 234 1800 279 illi
1828 235 1988 281 famam
2017 236 2313 293 circumdedit,
2342 242 2500 288 natura
2521 236 2751 293 ingenium
2764 237 2836 284 de·

263 300 458 357 negavit,
489 300 630 357 gratia
659 296 882 351 subnixus,
914 293 1112 341 adfluens
1140 293 1314 340 auditor
1343 293 1399 338 al.
1459 294 1519 339 Ut
1548 294 1594 337 in
1623 293 1798 350 dialogo
1828 294 1892 339 sic
1922 295 1967 339 in
1997 295 2151 341 Tacito
2181 296 2497 354 coniunguntur
2526 296 2765 355 principem
2792 299 2838 342 in

265 359 444 404 civitate
473 359 624 413 locum,
656 356 799 400 infans
830 354 1062 411 delegatur
1091 354 1278 410 ancillis,
1310 355 1377 399 vis
1408 359 1450 398 et
1481 353 1624 409 ardor,
1655 366 1833 398 nemora
1863 359 1907 399 et
1936 355 2037 411 luci,
2069 354 2306 412 municipia
2336 362 2380 400 et
2411 355 2602 401 coloniae
2632 356 2688 400 al.

328 457 331 460 .
383 417 596 475 Imprimis
625 413 838 460 vocabula
868 426 982 470 quae
1010 415 1231 472 pertinent
1262 413 1321 457 ad
1351 413 1640 468 eloquentiam
1670 417 1714 456 et
1744 418 1883 456 artem
1912 413 2155 471 splendidis
2187 418 2232 457 et
2260 413 2420 459 vividis
2460 414 2731 471 imaginibus⁴
2750 415 2835 460 dis-

264 478 539 532 tinguuntur3
571 480 620 518 ut
652 475 719 517 12.
751 473 1026 528 eloquentiae
1055 471 1312 530 penetralia,
1348 473 1414 516 12.
1444 472 1614 516 lucrosa
1644 477 1688 515 et
1717 472 1984 526 sanguinans
2025 472 2286 527 eloquentia,
2317 474 2389 517 20.
2420 473 2558 518 tristis
2588 480 2632 518 et
2661 474 2837 530 impexa

263 534 513 589 antiquitas,
560 534 627 577 18.
659 532 877 586 informes,
914 531 985 575 23.
1015 531 1173 577 maesti
1202 536 1408 587 oratores,
1450 530 1523 575 20.
1554 528 1842 587 pulchritudo,
1887 531 1959 576 20.
1994 531 2066 576 21.
2095 530 2281 585 laetitia,
2331 531 2403 575 21.
2441 536 2579 588 tepor,
2623 531 2837 578 lentitudo

260 591 481 647 orationis,
513 592 585 636 21.
616 591 744 636 hians
773 589 1040 647 compositio,
1072 591 1144 636 23.
1174 590 1396 645 ieiunium,
1427 590 1497 635 26.
1528 589 1764 635 calamistri
1793 589 2059 636 Maecenatis
2082 614 2134 623 -
2165 590 2349 636 tinnitus
2379 589 2606 647 Gallionis,
2644 592 2715 638 39.
2745 592 2836 638 stili

259 650 471 706 anxietas,
505 652 574 696 18.
604 651 786 695 Brutum
816 649 1001 693 otiosum
1031 654 1076 694 et
1106 648 1359 705 diiunctum,
1390 649 1461 693 31.
1481 648 1719 693 conlectum
1749 647 1922 693 dicendi
1951 662 2102 705 genus,
2132 650 2204 694 20.
2224 648 2354 694 decor
2380 673 2435 682 —·
2461 649 2640 695 Pacuvii
2659 656 2838 696 veterno

262 709 515 764 inquinatus
556 734 615 742 -
652 723 677 754 e
707 707 875 753 Lucani
903 708 1094 753 sacrario
1125 708 1336 766 prolatus,
1368 709 1439 752 21.
1470 707 1634 763 sordes,
1663 709 1734 752 26.
1764 707 1905 765 pudor
1933 707 2172 763 verborum,
2204 708 2290 752 22.
2321 708 2572 753 oblitterata
2602 715 2646 753 et
2675 710 2838 756 olentia

260 768 411 823 verba,
443 768 514 814 31.
545 768 753 814 honestae
783 766 1136 824 exclamationes,
1170 767 1239 812 19.
1270 766 1476 819 odoratus
1500 765 1832 824 philosophiam,
1863 767 1935 812 20.
1965 766 2011 811 in
2030 765 2186 812 incude
2199 765 2452 823 studiorum,
2483 767 2524 811 2.
2545 767 2722 824 ingenia
2741 769 2836 825 fori,

255 827 329 871 25.
361 827 663 883 cognationem
693 825 843 870 iudicii
876 850 930 857 —
964 826 1238 882 eloquentiae
1268 826 1449 881 vultum,
1483 827 1551 870 19.
1583 825 1854 881 eloquentiae
1883 826 2052 882 itinera,
2084 831 2164 870 cet.

386 887 545 932 Partes
572 887 902 945 qrammaticam
934 894 973 930 et
1002 886 1325 945 looeicoloqieam
1355 883 1505 943 (quam
1535 883 1770 930 secundum
1800 885 2005 930 orationis
2035 899 2148 942 quae
2177 890 2383 934 vocantur
2411 891 2560 943 partes
2578 884 2776 931 ordinavi
2794 893 2837 931 et

258 947 481 1002 composui
511 947 776 1003 comparatis
806 946 1005 1001 integrae
1035 950 1079 990 et
1109 950 1344 1001 argenteae
1374 944 1533 989 aetatis
1563 944 1846 1001 scriptoribus
1896 944 2029 990 etiam
2058 958 2127 990 me
2147 958 2234 990 non
2253 945 2511 1003 explicante,
2543 946 2837 1002 unusquisque

256 1018 337 1060 per
367 1018 415 1050 se
446 1011 490 1050 et
520 1005 748 1061 intelleget
778 1010 824 1049 et
854 1003 913 1048 ad
944 1004 1242 1060 quaestionem
1272 1016 1385 1059 quae
1415 1007 1481 1048 est
1511 1001 1567 1047 de
1596 1002 1806 1060 scriptore
1869 1003 2001 1060 'alogi
2031 1008 2137 1061 apte
2165 1003 2374 1049 adbibere
2402 1004 2520 1049 sciet.
2763 1039 2767 1043 .

324 1072 326 1075 ·
379 1062 433 1107 ld
465 1076 637 1120 quoque
669 1063 880 1121 propositi
909 1063 995 1107 mei
1025 1069 1134 1119 erat,
1180 1068 1229 1107 ut
1264 1062 1412 1106 libello
1451 1074 1548 1106 meo
1577 1061 1769 1106 Lexicon
1799 1062 2027 1107 Taciteum
2058 1063 2174 1108 Guil.
2203 1062 2466 1108 Boetticheri
2506 1063 2663 1120 (Berol.
2697 1064 2832 1121 1830)

256 1122 382 1167 novis
412 1122 558 1167 verbis
589 1128 665 1168 aut
696 1122 796 1167 aliis
827 1121 1037 1179 exemplis
1065 1122 1323 1179 supplerem.
1355 1121 1507 1176 Neque
1537 1119 1719 1164 deerunt
1748 1121 1947 1177 fortasse,
1979 1121 2053 1178 qui
2084 1133 2140 1165 ex
2169 1121 2318 1166 labore
2347 1134 2443 1166 meo
2474 1121 2640 1178 aliquid
2669 1122 2833 1168 fructus

259 1194 312 1225 ca
344 1182 448 1225 iant‘.
480 1206 534 1214 —

313 1195 342 1238 p
381 1240 474 1284 Iam
497 1241 666 1284 emensi
696 1253 844 1284 sumus
875 1252 1076 1296 campum
1104 1238 1230 1284 nobis
1260 1238 1539 1297 propositum.
1570 1237 1712 1282 Valde
1740 1251 1846 1283 sane
1876 1238 2044 1284 lubrica
2074 1252 2144 1284 res
2173 1245 2218 1283 et
2247 1239 2470 1297 perplexa.
2526 1240 2747 1297 Quidquid
2777 1242 2836 1285 vi-

263 1299 374 1343 rium
404 1304 449 1343 et
480 1298 719 1343 industriae
750 1298 795 1342 in
824 1297 949 1343 nobis
979 1303 1088 1353 erat,
1125 1296 1185 1342 ad
1221 1297 1532 1353 quaestionari,
1571 1309 1686 1352 qnae
1725 1302 1792 1342 est
1837 1295 1893 1342 de
1932 1296 2226 1355 discrepantia
2267 1299 2488 1354 sermonis,
2534 1299 2837 1356 explicandam

259 1357 534 1414 contulimus,
567 1362 614 1402 ut
636 1370 692 1403 ex
713 1356 1035 1404 dubitationum
1063 1355 1265 1403 fluctibus
1293 1355 1357 1402 ad
1382 1361 1554 1415 portum
1584 1355 1882 1402 inveheremur
1901 1355 2047 1414 idque,
2070 1356 2187 1414 quod
2207 1356 2385 1415 Lipsius
2405 1356 2682 1414 desideravit,
2711 1372 2847 1418 prae.

257 1422 481 1462 staremus.
2282 1458 2286 1463 .
2419 1446 2422 1448 -

379 1476 518 1522 Omne
548 1482 758 1533 punctum
787 1490 857 1521 me
887 1490 982 1522 esse
1012 1477 1203 1521 laturum
1222 1477 1372 1532 magis
1400 1489 1528 1534 spero
1559 1488 1690 1530 quam
1717 1476 1818 1521 scio.
1860 1477 1958 1520 Non
1987 1475 2138 1532 ignoro
2168 1477 2309 1521 claros
2339 1477 2472 1521 etiam
2503 1475 2697 1522 homines
2739 1479 2835 1523 doe-

258 1539 413 1590 tosque
442 1535 655 1592 imprimis
685 1536 732 1579 in
760 1534 1041 1580 diiudicando
1072 1534 1246 1580 dicendi
1275 1548 1436 1592 genere
1465 1534 1679 1580 erroribus
1708 1533 1924 1579 interdum
1952 1535 2161 1580 obnoxios
2191 1535 2347 1581 fuisse:
2385 1534 2526 1591 quid?
2569 1550 2694 1581 mene
2732 1551 2833 1593 quo·

258 1591 368 1638 tidie
406 1593 706 1641 addiscentem
750 1594 869 1640 ultra
910 1594 1143 1640 humanam
1179 1594 1471 1640 infirmitatem
1510 1593 1699 1650 positum
1742 1606 1837 1640 esse
1879 1592 2082 1640 credam?
2141 1594 2252 1640 Utut
2296 1599 2378 1652 est,
2422 1607 2526 1639 num
2561 1608 2714 1641 revera
2755 1595 2837 1642 hac

257 1664 392 1708 quam
421 1653 679 1698 intravimus
708 1654 782 1698 via
810 1653 858 1698 id
889 1666 974 1710 quo
1003 1652 1266 1699 tetendimus
1294 1653 1429 1699 simus
1457 1652 1666 1711 adsecuti,
1698 1653 1828 1709 aequi
1847 1653 2034 1709 bonique
2058 1653 2223 1699 iudices
2252 1654 2557 1711 aestimabunt,
2589 1654 2709 1712 apud
2730 1668 2836 1712 quos

257 1712 392 1757 facile
420 1713 593 1757 veniam
623 1718 667 1757 et
698 1712 1012 1769 indulgentiam
1040 1724 1167 1769 spero
1198 1725 1267 1757 me
1297 1713 1641 1769 impetraturum,
1684 1713 1723 1757 si
1754 1725 1841 1768 qua
1870 1713 1916 1756 in
1945 1725 1993 1756 re
2022 1725 2172 1756 verum
2200 1726 2356 1770 parum
2390 1714 2533 1770 attigi,
2586 1727 2718 1770 quum
2754 1715 2835 1759 hoc

259 1783 358 1816 meo
388 1771 550 1828 Indice,
582 1771 714 1814 etiam
744 1771 782 1816 si
812 1785 910 1815 mea
939 1785 1042 1829 spes
1071 1770 1287 1826 fefellerit,
1320 1771 1656 1816 controversiam
1686 1771 1883 1829 componi
1908 1785 2048 1828 posse,
2079 1771 2126 1815 id
2146 1778 2262 1816 certe
2280 1778 2534 1817 consecutus
2555 1786 2649 1817 esse
2670 1772 2834 1828 videar,

262 1837 311 1876 ut
341 1845 466 1935 mpricl
485 1830 656 1934 demum
686 1846 766 1889 pro
796 1831 1127 1878 auctoritatibus
1158 1836 1202 1876 et
1231 1830 1473 1877 nominibus
1503 1836 1620 1877 certo
1650 1830 1780 1877 nixus
1810 1830 2091 1878 fundamento
2111 1846 2189 1879 suo
2210 1831 2393 1889 quisque
2412 1831 2572 1879 iudicio
2593 1833 2728 1890 possit
2759 1834 2834 1879 uti.

423 1904 448 1934 a
468 1904 492 1935 e
540 1893 682 1935 ector!

1027 1949 1164 1989 Iudicio
1188 1949 1371 1998 perpende
1394 1955 1442 1996 et,
1467 1950 1498 1988 si
1522 1949 1587 1988 tibi
1612 1960 1698 1988 vera
1720 1949 1896 1996 videntur,

1028 2008 1130 2048 Dede
1152 2019 1280 2048 manus
1303 2014 1378 2058 aut,
1401 2010 1431 2048 si
1454 2009 1584 2048 falsum
1606 2015 1674 2057 est,
1698 2010 1882 2057 accingere
1906 2016 2041 2049 contra.
