3147 3774
1367 108 1662 150 -12-

223 241 440 298 Verginii
458 240 553 285 Rufi
593 240 668 295 qui
698 238 866 294 collega
895 238 1065 285 Nervae
1097 241 1191 286 erat
1228 250 1343 281 anno
1374 237 1428 280 97
1462 250 1503 292 p.
1536 235 1612 280 Ch.
1643 235 1813 291 mortui,
1846 241 1890 281 et
1930 237 1994 281 ita
2025 236 2199 293 quidem
2229 242 2277 282 ut
2305 242 2419 282 teste
2449 236 2590 282 Plinio
2620 237 2718 295 (Ep.
2749 232 2792 294 2,

229 300 274 359 1)
310 301 405 355 „hic
435 312 657 356 supremus
686 297 885 341 felicitati
915 298 1008 341 eins
1039 296 1236 341 cumulus
1268 296 1509 350 accesserit,
1542 296 1742 340 laudator
1772 297 2191 351 eloquentissimus“,
2224 297 2380 341 deinde
2396 297 2527 344 Asiae
2556 298 2796 352 provincia-

220 360 348 413 libus,
380 363 580 403 accusato
610 357 747 401 Mario
778 356 938 411 Prisco,
972 356 1126 401 adesse
1156 356 1312 411 iussus,
1344 368 1455 398 anno
1488 356 1575 399 100
1591 369 1646 412 .p.
1669 355 1758 411 Ch.,
1791 360 2019 412 praesente
2051 356 2239 400 Caesare
2264 356 2437 409 „Salvio
2468 355 2672 411 Liberali,
2703 357 2796 405 viro

222 419 386 474 subtili,
419 416 637 472 disposito,
669 415 773 471 acri,
806 415 979 470 diserto,
1014 416 1089 470 qui
1120 417 1164 458 in
1195 414 1273 457 illa
1304 427 1435 459 causa
1466 428 1614 458 omnes
1643 419 1759 459 artes
1789 428 1890 458 suas
1920 416 2144 470 protulit“,
2195 415 2431 470 respondit,
2474 415 2625 460 eodem
2653 409 2795 458 Plinio

221 482 332 521 teste
364 476 428 533 (E.
459 476 501 530 2,
537 474 612 532 11)
649 474 1022 529 „eloquentissime
1054 479 1098 518 et
1131 473 1247 528 quod
1278 474 1481 516 eximium
1522 474 1614 517 eius
1654 473 1838 516 orationi
1876 473 1989 517 inest
2030 476 2203 529 apra&
2268 474 2421 528 Neque
2464 473 2670 518 credibile
2713 477 2793 528 est,

222 549 318 579 eum
348 535 478 577 etiam
507 533 682 577 reddita
712 533 882 577 senatui
912 533 1116 576 libertate
1149 538 1192 576 et
1223 533 1437 576 securiore
1468 538 1707 589 temporum
1736 533 1944 576 felicitate
1975 531 2034 576 ad
2064 532 2254 576 studium
2280 545 2507 576 causarum
2528 531 2795 591 agendarum

220 598 465 638 revocatum
496 606 605 647 esse,
637 593 716 636 sed
734 593 917 634 *videtur
948 592 1006 633 ad
1036 593 1204 634 litteras
1236 597 1405 634 tantum
1437 593 1628 633 animum
1658 592 1878 646 adpulisse
1919 597 1963 633 et
1994 591 2053 633 ad
2093 591 2424 634 conscribendas
2454 592 2669 646 historias,
2703 591 2793 644 qui-

218 652 297 693 bus
328 649 616 706 principatum
646 651 883 694 Romanum
913 649 958 692 in
1000 649 1094 693 (lies
1131 650 1517 705 ingravescentem,
1561 649 1771 693 infinitam
1814 649 1997 692 militum
2047 649 2286 705 potentiam
2325 654 2369 693 et
2418 648 2582 693 cultum
2619 649 2795 694 deorum

216 709 446 765 principali
477 709 658 754 libidine
689 723 740 754 ac
770 708 995 754 mendacio
1015 708 1250 764 foedatum,
1273 709 1452 754 insidias
1474 722 1579 764 erga
1610 710 1845 754 eminentes
1874 709 2056 753 virtutes
2085 714 2129 756 et
2159 713 2323 756 mentes
2353 714 2633 765 tyrannorum
2661 713 2795 763 atque

216 769 406 823 ingenia,
439 770 726 825 corruptiores
757 768 803 812 in
834 767 928 812 dies
959 781 1099 812 mores
1131 773 1175 812 et
1205 769 1400 825 praemia
1429 769 1638 812 scelerum
1669 773 1713 812 et
1743 768 2016 824 flagitiorum,
2047 768 2244 823 ingentes
2287 767 2566 824 locupletium
2609 780 2713 823 opes
2750 773 2794 811 et

215 827 346 870 totius
378 827 534 870 Italiae
564 828 768 883 inopiam,
800 839 944 870 rerum
974 828 1273 871 conversiones
1305 833 1347 870 et
1379 827 1567 869 ludibria
1597 828 1808 882 fortunae,
1850 828 1958 870 vitia
1994 828 2250 873 infirmitatis
2281 827 2496 869 humanae
2523 831 2567 868 et
2597 826 2792 880 egregia-

215 898 309 926 rum
340 886 580 927 animarum
610 886 756 929 studia
787 900 840 927 ac
871 899 1012 928 mores
1043 886 1268 941 clarosque
1301 886 1454 938 exitus,
1488 891 1807 927 monumentum
1837 899 1937 927 aere
1968 887 2211 942 perennius,
2241 885 2424 941 posteris
2454 884 2665 926 tradidit(

334 946 476 996 Quum
506 946 640 999 igitur
670 946 815 989 Taciti
846 945 982 988 donec
1015 945 1222 989 causidici
1252 946 1388 987 vitam
1419 944 1580 997 agebat
1612 945 1853 987 orationem
1894 945 2143 989 similiorem
2172 946 2307 989 fuisse
2337 943 2566 997 Ciceronis,
2600 949 2644 986 et
2673 957 2791 998 mag-

215 1017 315 1046 nam
346 1018 398 1046 ac
427 1004 673 1047 mirabilem
703 1004 867 1059 ingenii
897 1004 1257 1060 conspirationem
1289 1004 1400 1047 inter
1430 1002 1650 1056 dialogum
1681 1008 1724 1046 et
1767 1017 1821 1047 ea
1860 1003 2036 1059 scripta,
2089 1017 2200 1058 quae
2242 1004 2335 1048 sine
2380 1002 2472 1047 ulla
2523 1001 2793 1047 dubitatione

215 1062 357 1105 Taciti
388 1075 485 1106 esse
516 1068 560 1106 et
590 1063 807 1106 habentur
837 1068 880 1105 et.
911 1063 1123 1116 dicuntur,
1146 1062 1423 1116 intercedere,
1447 1066 1489 1103 et
1521 1060 1601 1103 hoc
1634 1061 1688 1103 de
1719 1062 1959 1104 oratoribus
1985 1062 2160 1115 dialogo
2190 1062 2456 1117 vitae-prius
2486 1061 2627 1104 Taciti
2657 1074 2793 1115 genus

217 1121 340 1174 quasi
371 1121 553 1176 pulchro
583 1121 667 1164 fine
698 1121 919 1165 terminari
963 1120 1219 1163 viderimus:
1267 1121 1354 1162 iam
1395 1119 1606 1173 reliquum
1638 1124 1716 1173 cst,
1749 1125 1797 1162 ut
1829 1132 1882 1162 ex
1915 1120 2066 1163 eodem
2095 1121 2170 1164 illo
2200 1119 2373 1163 dicendi
2404 1133 2561 1174 genere
2593 1120 2792 1162 Tacitum

215 1192 343 1234 posse
376 1179 583 1234 adgnosci
614 1180 842 1236 probemus
884 1184 926 1221 et
972 1178 1086 1232 quod
1126 1192 1259 1234 supra
1301 1178 1382 1220 hac
1414 1177 1467 1220 de
1510 1190 1556 1220 rc
1597 1179 1881 1233 promisimus,
1913 1192 2026 1221 nunc
2056 1183 2336 1234 praestemus.
2396 1179 2460 1222 Ac
2488 1178 2680 1234 profecto
2711 1191 2792 1232 ego

218 1237 393 1291 quidem
423 1239 608 1281 arbitror
638 1238 744 1280 nihil
776 1238 963 1291 obstare,
997 1237 1223 1290 quominus
1255 1236 1396 1279 Taciti
1429 1237 1585 1280 librum
1616 1249 1711 1279 esse
1742 1237 1964 1291 dialogum
1994 1250 2168 1293 prorsus
2198 1236 2477 1291 adducamur,
2511 1237 2713 1290 quoniam
2755 1236 2793 1279 si

218 1295 468 1350 diligentius
499 1296 771 1350 inquisiveris
812 1296 948 1337 maior
986 1301 1030 1337 et
1060 1296 1105 1336 in
1136 1300 1229 1337 arte
1262 1301 1304 1337 et
1336 1296 1378 1336 in
1409 1307 1602 1337 sermone
1646 1308 1877 1338 consensus
1919 1295 2269 1351 deprehenditur,
2307 1308 2438 1349 quam
2482 1307 2610 1348 quem
2650 1294 2792 1336 adhuc

217 1354 296 1398 viri
328 1353 443 1397 docti
472 1354 714 1397 statuerint.
1141 1393 1144 1396 .
2614 1381 2617 1384 <

333 1414 392 1457 Ut
423 1413 503 1457 hoc
535 1416 762 1468 perspicue
794 1418 1078 1467 cognoscatur
1109 1413 1349 1468 materiam,
1383 1426 1512 1467 quam
1542 1415 1681 1457 Indeae
1712 1414 1914 1469 continet,
1948 1414 1991 1457 in
2021 1419 2109 1457 tres
2140 1418 2287 1469 partes
2318 1411 2541 1457 distribui:

307 1521 311 1527 ι
499 1474 770 1527 rhetoricam,
800 1474 1144 1530 qrammatt‘cam,
1177 1473 1508 1528 lez-icoloyicam.

225 1571 227 1575 .
336 1532 527 1582 Quarum
558 1532 604 1574 in
636 1544 808 1585 quaque
839 1537 964 1587 parte
997 1531 1207 1584 quidquid
1239 1544 1460 1573 commune
1492 1532 1560 1573 vel
1591 1532 1731 1574 simile
1763 1544 1857 1577 esse
1887 1532 1977 1574 vidi
2020 1532 2065 1574 in
2096 1531 2268 1585 dialogo
2305 1536 2349 1574 et
2390 1532 2434 1573 in
2464 1531 2637 1586 scriptis
2668 1530 2790 1572 Taci—

214 1590 330 1644 tinis,
362 1590 426 1632 ita
457 1590 658 1644 congessi
688 1596 735 1632 ut
768 1604 898 1644 quum
930 1589 1072 1631 Taciti
1104 1603 1175 1631 ars
1206 1594 1249 1631 et
1280 1602 1417 1631 sermo
1454 1590 1600 1633 multis
1653 1590 1863 1644 exemplis
1915 1595 2171 1634 monstretur
2210 1595 2302 1633 tum
2347 1589 2539 1633 eiusdem
2571 1589 2791 1643 dialogum

216 1660 310 1691 esse
340 1648 481 1691 videri
511 1649 583 1691 vel
614 1648 710 1704 ipso
741 1653 970 1704 conspectu
1003 1648 1221 1690 efficiatur.
2468 1684 2471 1686 .

337 1708 510 1749 Primae
541 1708 677 1763 partis
709 1707 876 1749 initium
907 1707 1068 1748 faciunt
1099 1722 1343 1763 mstzonyma,
1377 1706 1537 1762 quippe
1569 1720 1750 1760 quorum
1780 1708 1909 1763 copia
1938 1708 2079 1750 obruti
2109 1707 2233 1749 multi
2263 1707 2455 1751 homines
2486 1706 2668 1751 litterati
2700 1706 2788 1748 dia-

217 1767 366 1819 logum
397 1780 425 1809 a
457 1766 607 1809 Tacito
638 1766 846 1820 scriptum
878 1779 972 1809 esse
1003 1778 1130 1819 posse
1161 1770 1451 1818 negaverunt:
1505 1770 1684 1818 quorum
1727 1767 1901 1820 quidem
1935 1767 2205 1811 Gutmannus
2241 1766 2368 1810 fatali
2398 1779 2540 1810 errore
2571 1771 2791 1821 correptus

216 1824 371 1868 eadem
399 1825 475 1868 illa
506 1836 747 1880 synonyma
777 1823 1055 1881 vituperavit,
1089 1836 1201 1879 quae
1233 1823 1296 1868 ita
1327 1823 1474 1873 iuncta
1504 1823 1623 1881 apud
1655 1824 1852 1869 Tacitum
1882 1825 2025 1882 ipsum
2066 1825 2289 1881 leguntur3
2332 1825 2490 1869 rectius
2520 1824 2717 1869 Schelius
2749 1828 2792 1867 et

215 1883 441 1927 Schulzius
472 1883 684 1938 viderunt,
708 1884 780 1938 qui
808 1884 1007 1928 Tacitum
1038 1883 1176 1926 solere
1208 1884 1312 1927 bina
1342 1883 1536 1926 eiusdem
1568 1889 1642 1927 aut
1672 1898 1757 1927 non
1786 1886 1967 1928 multum
1989 1885 2228 1928 differentis
2248 1885 2571 1939 significationis
2592 1884 2793 1939 exempla

214 1943 472 1997 coniungere
504 1943 913 1986 animadverterunt.
955 1943 1022 1984 De
1053 1956 1386 1998 synonymorum
1407 1943 1449 1984 vi
1471 1948 1514 1985 et
1546 1957 1626 1985 usu
1656 1957 1741 1986 non
1772 1950 1837 1987 est
1865 1944 1980 1998 quod
2010 1944 2081 1989 hic
2112 1943 2285 1987 uberius
2306 1943 2461 1999 dicam,
2483 1958 2614 1999 quum
2644 1948 2791 1986 nostra

213 2006 358 2044 aetate
391 2002 487 2044 Car.
520 2001 629 2044 Lud.
660 2001 842 2045 Rothius
857 2000 892 2059 ¹)
924 2001 1072 2044 libello
1114 2001 1326 2056 peculiari
1377 2006 1420 2044 et
1469 2001 1695 2046 Mauritius
1739 2003 1977 2058 Seyffertus
2020 2003 2066 2047 in
2098 2001 2163 2045 ed.
2196 2002 2282 2045 Cic.
2315 2003 2435 2046 Lael.
2467 2002 2528 2059 (p.
2558 2003 2659 2046 486.
2690 2002 2789 2044 502.

213 2061 314 2104 529.
346 2060 455 2118 542)
487 2066 529 2104 et
562 2060 658 2104 Car.
690 2061 726 2105 F
729 2060 807 2105 rid..
838 2059 1208 2116 Naegelsbachius
1239 2060 1284 2103 in
1314 2060 1424 2104 libro
1456 2060 1712 2105 Germanico
1743 2060 1803 2119 (p.
1837 2062 1933 2105 196.
1955 2061 2075 2119 221),
2119 2060 2189 2104 cui
2220 2060 2523 2105 Stilisticorum
2552 2060 2789 2118 inscriptio-

213 2134 313 2163 nem
344 2120 459 2174 fecit,
492 2120 812 2165 accuratissime
843 2119 1172 2176 disputaverint.
2722 2159 2724 2161 ,
2783 2158 2786 2160 ,

338 2180 608 2235 Quamquam
640 2180 933 2232 Quintilianus
964 2192 1207 2236 synonyma
1237 2179 1327 2222 fere
1357 2180 1525 2236 vitavit,
1546 2193 1641 2223 eam
1672 2180 1977 2224 vocabulorum
2008 2179 2348 2224 coniunctionem
2387 2179 2592 2234 babuisse
2623 2178 2791 2233 aliquid

216 2239 383 2292 gratius
426 2245 469 2282 ct
505 2238 821 2293 significantius
852 2239 970 2295 apud
1002 2241 1094 2283 eius
1125 2239 1283 2282 aetatis
1315 2239 1507 2284 homines
1539 2238 1768 2295 (mirabilis
1799 2245 1864 2283 est
1895 2241 2007 2284 enim
2038 2239 2186 2284 iudicii
2217 2245 2260 2284 et
2291 2240 2498 2285 sermonis
2529 2239 2792 2295 temporibus

215 2297 346 2342 variis
363 2298 571 2356 varietas)
602 2298 828 2343 manifeste
860 2297 1043 2343 efficitur
1073 2308 1127 2341 ex
1159 2297 1292 2341 Plinii
1324 2298 1533 2355 epistulis,
1567 2298 1641 2354 qui
1673 2297 1846 2354 quidem
1876 2299 1982 2343 mire
2014 2298 2254 2344 delectatur
2284 2298 2535 2356 synonymis
2566 2297 2792 2356 copulatis,

215 2356 371 2412 quibus
412 2357 608 2401 ciusdem
650 2358 947 2415 Panegyricus
984 2358 1028 2400 in
1060 2357 1263 2401 honorem
1294 2357 1489 2401 Traiani.
1504 2358 1678 2402 habitus
1709 2358 1840 2414 plane
1871 2358 2097 2403 redundat.
2158 2359 2269 2403 Huic
2309 2358 2468 2402 iudicio
2505 2364 2548 2402 et
2578 2357 2792 2401 voluntati

212 2417 529 2472 temperavit
560 2418 693 2460 etiam
724 2418 913 2461 Tacitus.
977 2417 1109 2460 Cuius
1142 2417 1187 2459 in
1217 2417 1421 2472 Agricola
1463 2423 1506 2460 et
1547 2418 1780 2461 Germania
1820 2424 1863 2461 et
1906 2418 2108 2462 Historiis
2150 2418 2338 2474 plurima
2373 2423 2472 2460 sunt
2503 2416 2720 2460 adiectiva
2748 2420 2792 2458 et

212 2474 502 2529 substantiva,
533 2477 685 2531 multa,
717 2477 927 2532 imprimis
958 2477 1006 2520 in·
1032 2476 1237 2530 Agricola
1267 2482 1311 2520 et
1343 2477 1577 2520 Germania
1608 2476 1837 2532 adiectiva,
1868 2491 2088 2534 perpauca
2117 2477 2251 2521 verba
2283 2491 2535 2533 synonyma.
2576 2477 2628 2521 In
2648 2474 2790 2519 Histo-

213 2534 291 2579 riis
320 2539 365 2579 et
394 2535 636 2581 Annalibus
665 2536 813 2581 multis
844 2536 1093 2593 synonymis
1126 2548 1238 2591 quae
1268 2535 1313 2580 in
1343 2535 1548 2592 Agricola
1590 2541 1633 2581 et
1681 2536 1914 2581 Germania
1966 2536 2239 2594 reperiuntur
2281 2541 2357 2581 aut
2399 2549 2573 2594 prorsus
2603 2533 2792 2580 abstinet

216 2592 476 2651 (synonyma
511 2607 711 2649 „nemora
743 2601 786 2639 et
816 2596 928 2640 luci“
964 2593 1156 2653 [Vergil]
1187 2601 1360 2651 praeter
1390 2595 1612 2651 dialogum
1641 2601 1706 2639 ter
1736 2597 1781 2639 in
1813 2597 2059 2651 Germania,
2096 2596 2409 2650 „dissensiones
2439 2609 2492 2639 ac
2516 2594 2788 2639 ,discordiae“

216 2652 334 2710 [Cic]
365 2659 542 2708 praeter
572 2654 793 2709 dialogum
823 2656 955 2698 semel
987 2656 1032 2697 in
1062 2654 1266 2708 Agricola
1296 2654 1518 2712 leguntur)
1548 2660 1625 2701 aut
1655 2656 1909 2698 alterutrum
1942 2656 2121 2698 verbum
2153 2655 2363 2698 validiore
2394 2669 2633 2711 synonymo
2653 2658 2792 2695 mutat

215 2716 306 2766 aut,-
338 2713 524 2757 maxime
554 2713 601 2755 in
630 2711 886 2769 Annalibus,
919 2727 1004 2756 uno
1036 2717 1203 2755 tantum
1234 2713 1440 2756 vocabulo
1471 2717 1697 2758 contentus
1728 2719 1806 2758 est.
1867 2713 2130 2771 Saepissime
2170 2714 2305 2756 utitur
2336 2714 2514 2757 Tacitus
2544 2711 2793 2770 synonymis

214 2771 426 2825 neg-lecto,
448 2773 644 2815 maxime
676 2773 852 2826 quidem
883 2774 927 2815 in
958 2772 1180 2827 oppositis,
1214 2772 1456 2815 discrimine
1487 2772 1545 2815 ad
1576 2773 1831 2816 variandam
1860 2776 2096 2817 orationem
2127 2772 2196 2830 (A.
2228 2775 2270 2827 3,
2299 2774 2355 2815 61
2388 2774 2532 2816 lucum
2554 2796 2608 2804 —
2631 2785 2792 2814 nemus.

213 2828 266 2872 A.
300 2829 369 2884 15,
401 2830 463 2873 -41
509 2831 767 2887 templorum
809 2844 1032 2875 numerum
1062 2856 1121 2863 —
1151 2830 1300 2874 fanum
1331 2856 1388 2863 —
1420 2830 1553 2876 aedes
1583 2857 1640 2864 —
1673 2831 1911 2877 delubrum.
1955 2833 2006 2877 H.
2039 2833 2080 2887 1,
2116 2834 2137 2876 1
2183 2831 2461 2876 ambitionem
2493 2856 2547 2864 —
2581 2828 2790 2876 adulatio·

213 2899 339 2942 nem3
369 2889 625 2934 obtrectatio
658 2895 700 2934 et
732 2891 842 2935 livor
878 2915 929 2921 —-
962 2888 1248 2946 malignitati)
1291 2895 1334 2933 ct
1379 2891 1604 2946 permultis
1646 2891 1750 2935 locis
1785 2892 1893 2936 nihil
1924 2886 2007 2946 nisi
2038 2892 2281 2936 ubertatem
2313 2896 2356 2934 et
2386 2896 2557 2945 gratam
2586 2888 2792 2934 sermonis

213 2946 592 3003 amplificationem
624 2956 843 3006 spectasse
874 2950 1057 2993 videtur.
1120 2949 1171 2992 In
1202 2949 1441 2993 Annalibus
1471 2963 1574 2993 vero
1604 2952 1760 3006 premit
1801 2951 2055 3007 plerumque
2077 2963 2218 3006 quum
2257 2964 2497 3007 synonyma
2538 2948 2793 3006 copulantur

214 3006 301 3048 vim
332 3007 728 3063 proprietatemque
759 3010 983 3064 utriusque
1014 3009 1134 3053 verbi
1165 3007 1235 3065 (A.
1269 3009 1311 3063 3,
1344 3009 1370 3051 9
1403 3009 1645 3052 convivium
1677 3015 1720 3052 ct
1752 3011 1907 3066 epulae
1937 3011 1965 3054 i.
1999 3023 2034 3053 e.
2066 3009 2303 3068 convivae).

333 3067 400 3108 Ex
430 3072 637 3110 accurata
667 3068 943 3122 inquisitione
974 3068 1161 3112 omnium
1189 3067 1354 3122 dialogi
1384 3081 1718 3124 synonymorum
1739 3067 1916 3126 (quibus
1936 3070 2068 3113 etiam
2089 3082 2167 3127 per
2186 3069 2369 3125 figuram
2398 3072 2438 3113 ἓν
2465 3073 2527 3113 διὰ
2553 3074 2655 3111 δυοῖν
2675 3064 2791 3109 dicta

215 3123 370 3180 adieci,
403 3140 490 3180 qua
520 3126 576 3170 de
606 3126 748 3182 figura
776 3128 1013 3172 rectissime
1045 3127 1190 3171 docuit
1222 3127 1461 3183 Seyffertus
1493 3127 1552 3171 ad
1584 3127 1672 3172 Cic.
1704 3128 1822 3172 Lael.
1855 3144 1896 3186 p.
1929 3130 1999 3173 31.
2035 3131 2130 3173 191.
2167 3129 2272 3187 198)
2302 3129 2383 3174 hoc
2412 3129 2577 3172 elucet:

321 3277 346 3323 ¹)
381 3277 490 3323 Roth,
518 3279 555 3315 C.
574 3280 680 3318 Corn.
708 3278 823 3319 Taciti
847 3290 1045 3328 synonyma
1068 3286 1104 3318 et
1127 3292 1192 3327 per
1215 3279 1366 3325 figuram
1390 3284 1428 3319 ἓν
1455 3277 1516 3317 διὰ
1545 3277 1646 3316 δυοῖν
1670 3283 1775 3320 dicta.
1802 3284 2021 3330 Noribergae
2049 3283 2154 3321 1826.
2180 3304 2225 3310 -
2252 3282 2415 3329 Seyffert,
2433 3278 2614 3317 Ciceronis
2638 3277 2791 3315 Laelius.

384 3326 455 3382 slljt
480 3328 583 3362 ciuem
611 3328 825 3366 <sumerentur
867 3340 923 3365 um
948 3329 1255 3377 ptinatgebmuw
1284 3328 1336 3372 tur
1369 3332 1477 3370 relicte
1504 3329 1818 3377 Θηωπαῇαιῐῴῡίεε
1842 3333 1912 3368 nub
1938 3333 2126 3380 nitgebeube
2151 3326 2586 3379 {indetvvmffirnnbene
2615 3325 2719 3363 1844.
2749 3346 2789 3353 —

381 3374 598 3420 magctebndy,
623 3376 814 3422 Quteinifdss
875 3376 992 3423 munit
1016 3376 1068 3422 Ῐιίπ
1094 3377 1260 3423 ῶευίῐῴο.
1286 3376 1318 3412 2.
1346 3381 1384 3417 21.
1411 3378 1541 3416 mamb.
1570 3378 1675 3414 1852.
