3147 3836
245 944 307 981 26.

246 1299 304 1336 12.

248 1783 329 1825 cfr.

249 2059 310 2096 11.

252 2368 316 2406 13.

251 2677 313 2714 21.

255 3304 320 3340 31.

257 3354 317 3393 37.

1376 144 1668 192 -27-

345 281 396 321 Η.
425 284 463 333 4,
491 282 541 322 69
569 279 727 319 constat
753 275 972 316 obstitisse.
1025 275 1074 316 A.
1094 279 1155 328 14,
1183 278 1235 317 44
1260 288 1313 316 m.
1341 278 1486 318 consti·
1662 278 1714 317 H.
1742 279 1780 328 4,
1808 278 1861 317 80
1895 277 2022 316 levior
2048 277 2255 326 viliorque.
2307 275 2358 315 H.
2386 278 2424 327 5,
2453 278 2479 316 5
2506 276 2534 315 f.
2562 276 2799 316 Iudaeorum

398 333 447 371 tit
474 330 689 371 exstitisse.
1712 341 1799 368 mos
1827 328 2012 368 sordidus
2039 327 2328 377 absurdusque.

346 383 396 423 Η.
424 385 462 434 3,
496 383 546 423 55
585 377 777 419 festinare
810 400 862 406 —
897 378 1139 419 destinabat.
1191 377 1268 430 Ag.
1303 380 1354 420 33
1389 391 1486 432 ergo
1659 379 1710 420 H.
1739 380 1776 431 3,
1803 381 1854 420 49
1883 382 2016 419 cetera
2044 390 2095 418 ex
2122 377 2243 428 facili,
2272 389 2342 418 seu
2367 377 2556 420 felicitas.

400 432 565 484 egressi.
1658 431 1708 470 A.
1739 434 1799 481 13,
1826 433 1876 470 47
1904 431 2073 469 celebris
2100 430 2304 468 nocturnis
2331 430 2555 470 inlecebris.

346 486 397 525 H.
423 488 462 534 2,
489 484 540 522 84
565 481 619 520 ad
646 481 885 521 obtinendas
911 482 1145 532 iniquitates
1177 482 1286 521 haud
1320 483 1485 532 perinde
1657 483 1709 521 H.
1736 484 1853 573 {1713
1880 481 1906 520 f.
1941 483 2031 532 plus
2072 481 2247 519 invidiae
2282 492 2401 530 quam
2433 482 2575 521 virium
2616 481 2799 531 partibus

399 533 640 575 obstinante.
1710 546 1734 574 a
1795 545 1816 574 e
1846 535 1901 574 at.

701 672 1124 745 coMPL
1137 673 1418 745 0810
1480 674 1551 744 S
1563 673 2131 744 YLLABAR
2146 673 2339 743 ΠΜ.

972 820 1053 862 Cfr.
1080 821 1208 862 Pabst
1233 833 1273 873 p.
1303 823 1366 863 19.
1390 821 1681 874 Reisig-Haase
1706 834 1747 874 p.
1775 824 1851 863 823
1878 821 2065 873 (Vergil.)

347 938 656 988 Compositionis
681 938 937 976 histrionales
963 937 1116 976 modos.
1311 966 1314 970 -
1554 940 1617 978 36.
1656 938 1816 977 flamma
1842 940 2022 977 materia.

345 990 422 1041 Ag.
453 992 499 1028 11
530 988 657 1029 Gallis
683 988 747 1028 his
774 988 842 1038 (ex
869 988 971 1027 coni.
999 986 1164 1039 Wexii).
1656 989 1706 1028 A.
1736 992 1797 1040 11,
1827 991 1874 1029 19
1902 987 1982 1028 fida
2011 989 2128 1029 (latis.

346 1043 437 1080 ille:
466 1042 591 1090 leges.
646 1043 694 1080 19
722 1040 816 1078 dum
841 1040 899 1077 illi
925 1040 1062 1078 libeat.
1556 1043 1618 1080 14.
1657 1041 1823 1079 similior
1850 1041 1992 1079 oratio.

346 1093 396 1133 H.
425 1093 463 1141 5,
497 1094 534 1132 5.
559 1091 609 1131 A.
639 1094 700 1141 14,
734 1093 784 1130 21
822 1090 850 1131 f.
883 1091 982 1130 nihil
1019 1090 1225 1131 inlicitum.
1276 1091 1327 1131 A.
1360 1093 1398 1141 3,
1432 1093 1482 1132 55
1553 1094 1618 1132 41.
1656 1092 1784 1131 minor
1811 1096 2026 1131 oratorum.

399 1142 477 1182 coli
503 1142 669 1182 licitum.
1659 1143 1710 1182 H.
1737 1144 1776 1193 2,
1805 1144 1854 1182 76
1881 1154 1931 1182 m.
1961 1142 2209 1193 splendidior
2235 1143 2400 1194 origine.

345 1194 395 1232 A.
425 1197 461 1243 1,
490 1195 514 1232 9
541 1194 610 1232 illo
635 1193 781 1232 locum.
830 1193 907 1242 Ag.
935 1194 987 1232 20
1013 1191 1041 1231 f.
1068 1192 1138 1231 illa
1170 1192 1388 1232 illacessita
1416 1193 1482 1243 (ex
1579 1195 1617 1233 5.
1657 1194 1671 1232 i
1702 1204 1746 1232 se
1774 1205 1949 1232 securus.

399 1244 501 1284 coni.
529 1243 692 1295 Wexii).
1697 1272 1708 1284 .
1735 1246 1787 1285 38
1813 1244 1900 1295 ipso
1928 1244 2026 1284 solo.

343 1296 523 1347 proferre
550 1307 756 1347 responsa.
1655 1296 1733 1346 Ag.
1761 1298 1823 1336 32.
1853 1296 1901 1336 G.
1928 1299 1965 1335 2.
1993 1297 2041 1336 Α.
2070 1299 2107 1348 6,
2134 1299 2207 1347 25;
2237 1299 2298 1348 15,
2325 1300 2377 1338 53
2404 1298 2480 1337 nisi
2509 1299 2556 1338 si.

347 1348 395 1387 G.
424 1350 474 1387 39
502 1347 664 1386 barbari
691 1348 804 1386 ritus.
1655 1348 1706 1386 A.
1734 1351 1797 1396 11,
1827 1350 1877 1386 14
1902 1348 2096 1397 impressa
2124 1349 2245 1387 saxis.

345 1399 397 1440 H.
425 1400 462 1449 5,
491 1400 514 1439 7
541 1402 771 1449 putrescere
797 1409 899 1438 reor.
952 1398 1003 1438 H.
1030 1400 1068 1450 4,
1096 1399 1146 1439 42
1180 1409 1230 1440 ex
1262 1398 1400 1440 funere
1426 1399 1484 1440 rei
1552 1400 1619 1440 23.
1656 1398 1716 1439 sic
1740 1398 1969 1440 libertatem
1995 1400 2240 1450 temperatis.

397 1450 596 1500 publicae.
1657 1450 1707 1490 A.
1734 1452 1772 1500 2,
1799 1452 1852 1490 40
1879 1451 2155 1490 credulitatem
2178 1452 2375 1501 'temporis
2401 1475 2464 1492 —.

346 1502 398 1541 H.
425 1504 464 1553 2,
495 1505 515 1541 1
545 1501 666 1541 decor
693 1501 786 1541 oris.
837 1501 886 1540 A.
913 1503 952 1551 4,
980 1503 1030 1541 37
1058 1514 1225 1552 quorum
1251 1514 1420 1542 rumore.
1555 1503 1617 1542 13.
1658 1501 1765 1542 servi
1790 1501 1991 1541 videntur.
2041 1504 2090 1541 42
2119 1502 2316 1542 arbitratu
2343 1506 2425 1543 tuo.

950 1639 2102 1711 HOMOEOTELEUTA.

356 1783 496 1824 Pabst.
522 1784 585 1824 25.
613 1782 904 1834 Reisig-Haase
929 1784 1021 1824 823.
1053 1783 1196 1823 Mur-et.
1225 1783 1321 1822 Var.
1344 1781 1459 1821 Lect.
1488 1785 1523 1832 1,
1553 1783 1616 1822 15.
1649 1781 1732 1822 Cic.
1759 1782 1876 1822 Lael.
1901 1781 1966 1822 ed.
2003 1782 2175 1832 Seyffert
2212 1785 2285 1823 471
2322 1795 2382 1834 sq.
2421 1784 2553 1825 omnia
2592 1787 2800 1836 praeclara

1256 1846 1361 1883 rara,
1387 1834 1565 1884 pleniore
1591 1845 1675 1885 ore,
1701 1835 1797 1873 alia.

349 1953 413 1992 Ex
447 1953 620 1991 omnium
646 1965 777 1991 rerum
813 1951 981 1991 scientia
1015 1950 1194 1991 exundat
1229 1954 1271 1991 et
1296 1949 1493 1990 exuberat
1717 1952 1768 1990 37
1794 1963 1846 1990 m.
1880 1954 1987 1990 terra
2024 1951 2217 2002 caelove.)
2268 1952 2346 2002 Ag.
2383 1954 2434 1992 45
2467 1953 2798 1994 nobilissimarum

350 2004 422 2044 illa
447 2003 697 2044 admirabilis
723 2003 964 2055 eloquentia.
1715 2000 1962 2042 feminarum.

351 2056 605 2095 securitatem
644 2056 785 2095 melius
827 2054 1055 2094 innocentia
1092 2058 1211 2094 tueor
1247 2065 1367 2105 quam
1412 2055 1490 2093 elo·
1663 2054 1715 2093 H.
1743 2057 1779 2103 1,
1806 2057 1856 2094 37
1877 2055 2041 2093 tristitia
2069 2059 2110 2093 et
2135 2056 2320 2094 avaritia.

352 2107 527 2156 quentia.
1587 2106 1627 2144 4.
1664 2106 1905 2145 sanctiorem
1932 2106 2041 2145 illam
2069 2110 2110 2146 et
2142 2107 2411 2156 augustiorem
2438 2107 2707 2157 eloquentiam
2735 2121 2799 2149 co·

351 2158 402 2198 H.
430 2160 469 2209 4,
504 2160 555 2198 58
589 2157 618 2197 f.
652 2157 844 2198 militibus
882 2156 1073 2196 Romanis
1111 2159 1183 2197 aut
1221 2155 1490 2196 innocentiam
1662 2157 1757 2197 lam.
1807 2158 1831 2197 5
1857 2157 2028 2197 Lollium
2068 2158 2237 2198 Bassum
2283 2170 2402 2208 quum
2436 2158 2629 2208 optimum
2670 2159 2799 2200 virum

403 2209 507 2249 detis
522 2213 593 2249 aut
612 2213 809 2249 maturam
836 2212 877 2248 et
904 2209 990 2248 sine
1015 2220 1122 2248 noxa
1147 2207 1448 2260 paenitentiam.
1575 2231 1578 2235 ν
1664 2212 1749 2248 tum
1775 2208 2112 2248 absolutissimum
2139 2213 2310 2260 poetam.

455 2261 521 2314 (G.
564 2263 615 2303 35
663 2260 978 2313 magnitudinem
1025 2272 1138 2301 suam
1179 2259 1293 2301 malit
1336 2259 1490 2301 iustitia
1661 2260 1743 2351 H.fi
1751 2264 1787 2313 1,
1827 2263 1878 2301 90
1917 2261 2232 2301 Neronianarum
2284 2261 2504 2302 sectionum
2545 2263 2721 2304 nondum
2762 2265 2800 2305 in

402 2314 523 2353 tueri.
1746 2324 1868 2352 scum.

352 2365 418 2404 vel
445 2317 642 2415 dignitate
669 2364 777 2404 vitae
804 2364 870 2403 vel
895 2364 1166 2414 perpetuitate
1191 2362 1337 2402 famae.
1663 2363 1712 2403 A.
1741 2366 1802 2414 15,
1837 2366 1887 2404 37
1921 2363 2215 2414 superpositum
2247 2364 2472 2405 convivium
2510 2366 2673 2407 navium
2705 2367 2802 2408 alia·

351 2416 430 2466 Ag.
456 2419 507 2457 45
533 2427 613 2456 non
640 2415 749 2455 vitae
775 2418 930 2455 tantum
957 2415 1141 2455 claritate
1166 2414 1240 2454 sed
1273 2414 1394 2454 ctiam
1421 2426 1488 2465 op·
1714 2427 1800 2455 mm
1827 2418 1856 2454 t.
1883 2427 1940 2454 m.

402 2468 649 2519 portunitate
674 2467 827 2506 mortis.
1665 2466 1715 2504 H.
1743 2468 1781 2517 2,
1815 2468 1867 2505 48
1902 2466 2001 2505 satis
2038 2466 2115 2505 sibi
2152 2467 2340 2519 nominis,
2373 2468 2478 2508 satis
2512 2470 2689 2520 posteris
2720 2471 2801 2509 suis

351 2520 400 2560 A.
430 2522 491 2569 11,
518 2521 569 2559 22
596 2519 624 2558 f.
652 2531 704 2558 ex
731 2518 928 2568 dignitate
955 2516 1259 2557 candidatorum
1297 2520 1369 2557 aut
1394 2516 1489 2557 faci·
1713 2518 1948 2557 nobilitatis.

403 2570 519 2610 litate
544 2570 816 2611 tribuentium.
1587 2570 1627 2608 7.
1663 2569 1770 2608 latus
1810 2569 1950 2608 clavus
1996 2570 2156 2609 oblatus
2200 2574 2274 2610 est.
2353 2572 2405 2611 24
2447 2582 2521 2612 nec
2562 2584 2798 2623 quemquam

353 2623 402 2662 A.
431 2625 467 2671 1,
501 2623 551 2662 36
589 2621 814 2672 periculosa
854 2620 1061 2671 severitas,
1088 2619 1291 2669 flagitiosa
1316 2619 1490 2670 largitio.
1663 2623 1844 2659 nostrum
1871 2632 2126 2671 quamquam.

381 2674 607 2724 ropioribus
632 2672 821 2712 moribus.
873 2674 924 2712 29
950 2672 1058 2712 serio
1086 2671 1319 2712 ministerio.
1360 2673 1383 2712 7
1412 2683 1490 2722 quo
1561 2673 1625 2712 31.
1664 2671 1850 2763 quidgcit,
1878 2671 1976 2724 quid
2003 2673 2056 2713 sit
2083 2673 2141 2712 ira
2168 2694 2219 2701 —
2246 2673 2314 2725 qui
2345 2674 2422 2714 scit
2448 2674 2543 2725 quid
2571 2675 2623 2715 sit
2649 2675 2807 2716 miseri-

383 2737 473 2765 omo
499 2736 642 2764 novus.
1665 2734 1735 2762 cor
1778 2735 1823 2763 a.

354 2778 403 2816 A.
433 2780 495 2827 11,
522 2778 574 2816 24
606 2776 634 2815 f.
662 2776 742 2815 iam
776 2776 968 2826 moribus,
1000 2775 1169 2825 artibus,
1200 2773 1491 2813 adfinitatibus.
1667 2775 1716 2814 G.
1742 2777 1796 2813 40
1829 2775 1926 2824 quid
1967 2775 2020 2814 sit
2059 2776 2100 2813 id
2162 2776 2241 2814 uod
2278 2780 2431 2814 tantum
2457 2777 2625 2826 perituri
2651 2778 2806 2818 vident.

407 2828 458 2868 H.
485 2829 523 2878 3,
551 2829 602 2868 83
628 2826 831 2867 luxurioso
859 2827 942 2866 otio
968 2826 1189 2866 libidinum.
1718 2825 1795 2866 cfr.
1817 2826 1981 2866 Ernest.
2004 2826 2057 2865 ad
2083 2788 2184 2866 11.(1.

354 2879 406 2918 H.
436 2882 470 2929 1,
497 2880 550 2918 44
575 2878 603 2918 f.
631 2890 712 2918 non
737 2878 888 2918 honore
915 2877 1084 2927 Galbae,
1111 2876 1185 2917 sed
1210 2876 1364 2916 tradito
1384 2877 1491 2927 prim-
1665 2877 1717 2916 H.
1731 2879 1768 2926 3,
1784 2879 1833 2916 21
1852 2888 1974 2926 aegre
1990 2878 2185 2916 tolerante
2211 2878 2336 2917 milite
2362 2889 2490 2929 prope
2508 2879 2745 2920 seditionem
2765 2894 2805 2920 ν.

407 2929 564 2981 cipibus
589 2941 712 2969 more.
1666 2928 1718 2968 H.
1747 2931 1782 2978 1,
1810 2930 1859 2968 37
1872 2940 2084 2978 numquam
2100 2928 2219 2967 datur
2245 2932 2287 2969 et
2313 2929 2497 2979 quotidie
2523 2932 2803 2981 exprobratur.

357 2983 404 3024 G.
432 2984 483 3023 29
509 2985 642 3021 terrae
669 2992 766 3021 suae
800 2981 886 3021 solo
920 2984 962 3020 et
999 2981 1125 3021 caelo.
1178 2979 1246 3030 (G.
1273 2981 1300 3019 4
1325 2978 1355 3018 f.
1380 2979 1492 3019 caelo
1666 2980 1718 3019 H.
1755 2983 1791 3029 1.,
1827 2981 1879 3020 84
1916 2992 2137 3031 paucorum
2172 2981 2291 3032 calpa
2333 2980 2424 3033 fuit,
2463 2980 2629 3023 duorum
2674 2995 2806 3034 poena

408 3035 558 3074 solove.
611 3032 661 3072 H.
701 3036 737 3083 1,
765 3035 815 3073 51
842 3033 1002 3084 ingenio
1027 3032 1106 3073 loci
1133 3032 1326 3082 caelique.
1385 3032 1436 3071 A.
1454 3034 1491 3082 6,
1718 3031 1812 3072 erit.

601 3155 1725 3228 HOMOEOTELEUTA
1781 3156 2244 3229 MITIGA
2262 3159 2441 3228 TA.

357 3300 524 3341 Artibus
551 3297 993 3347 exercitationibusque.
1668 3298 1716 3338 A.
1735 3300 1772 3338 ·4
1798 3298 2051 3348 eloquentiae
2079 3298 2387 3348 sapientiaeque.

357 3363 502 3402 operae
530 3362 738 3402 curaeque.
1668 3349 1723 3390 A.
1745 3351 1788 3400 4,
1811 3351 1861 3390 59
1888 3349 2086 3390 amicitiae
2114 3348 2452 3400 constantiaeque.

358 3404 406 3442 A.
436 3406 498 3455 16,
525 3406 550 3444 2
577 3402 855 3443 narratoribus
877 3400 1197 3449 oratoribusque.
1670 3402 1720 3440 Η,
1747 3403 1786 3451 4,
1812 3403 1863 3440 27
1889 3401 2073 3439 licentiae
2099 3400 2416 3450 patientiaeque.
