3147 3774
1403 83 1663 126 -8-

289 210 295 216 '
374 217 419 259 Is
450 228 676 258 amoenum
708 212 801 268 (cfr.
833 212 941 254 Ann.
977 211 1045 265 13,
1078 210 1126 268 3)
1159 210 1332 265 quidem
1365 211 1456 254 eius
1488 211 1694 268 temporis
1725 218 1768 256 et
1799 211 2081 267 ingeniosum,
2117 210 2196 256 sed
2237 225 2343 269 prae
2375 212 2554 267 antiquo
2584 226 2702 259 more
2732 227 2821 259 cor·

253 280 429 332 ruptum
460 278 503 317 et
534 271 729 316 omnibus
760 268 878 313 vitiis
909 269 1095 313 fractum
1126 268 1299 314 dicendi
1330 283 1466 325 genus
1497 269 1556 313 ad
1588 271 1806 315 severiora
1836 270 1996 315 iudicia
2026 283 2227 316 revocare
2259 271 2478 319 contendit
2522 283 2749 329 quumque¹
2769 286 2823 318 ea

252 339 399 378 aetate
429 331 545 377 solus
574 330 663 373 fere
693 329 738 372 in
769 328 970 374 manibus
1001 329 1345 374 adulescentium
1376 333 1489 373 esset
1521 329 1703 386 Seneca,
1735 343 1997 387 magnopere
2027 329 2208 386 studuit,
2241 335 2288 374 ut
2319 330 2378 373 ad
2399 330 2646 375 Ciceronem
2677 336 2720 376 et
2751 345 2822 377 ve·

253 400 368 439 teres
399 392 627 446 scriptores
658 388 836 444 ingenia
866 388 1103 433 reduceret.

372 450 440 493 Ad
471 448 786 500 Quintilianum
817 453 962 491 autem
993 449 1194 502 dialogus
1224 462 1308 491 non
1339 448 1476 491 solum
1507 446 1769 490 dictionibus
1801 449 2060 502 quibusdam
2091 448 2301 493 similibus
2331 449 2508 505 respicit
2539 454 2583 492 et
2615 463 2824 495 consensu

253 508 522 566 quarundam
552 507 878 561 sententiarum,
926 506 1003 551 sed
1043 506 1174 550 etiam
1214 506 1466 550 iudiciorum
1503 504 1769 560 diversitate,
1812 511 1860 550 ut
1897 506 1952 551 de
1989 508 2190 563 operibus
2233 507 2345 552 intra
2381 519 2557 552 nemora
2599 522 2651 554 ac
2688 509 2824 555 silvas

252 565 515 613 meditandis
546 564 682 624 (Dial.
717 567 785 611 11.
819 566 962 619 Quint.
997 568 1066 622 10,
1099 565 1146 623 3)
1189 570 1231 610 et
1263 565 1317 609 de
1349 564 1526 621 Epicuri
1563 565 1754 609 honestis
1786 565 2174 612 exclamationibus
2221 565 2355 625 (Dial.
2386 567 2455 610 31.
2493 566 2639 619 Quint.
2674 569 2744 625 12,
2777 568 2824 627 2)

249 628 450 683 aliisque,
484 639 598 682 quae
629 626 845 682 congessit
876 626 1023 670 Eckst.
1056 625 1224 680 Proleg.
1256 638 1297 682 p.
1329 625 1399 668 56.

369 687 496 729 Hunc
526 686 769 729 litterarum
800 685 1038 741 principem
1069 685 1144 739 qui
1176 684 1424 727 Ciceronem
1454 684 1651 726 omnibus
1682 683 1872 726 cumulat
1903 683 2107 727 laudibus
2148 686 2302 739 suique
2344 685 2545 741 temporis
2583 684 2826 731 hominibus

252 745 526 791 commendat
557 751 600 788 et
632 744 921 798 eloquentiam
952 744 1217 787 efflorescere
1248 757 1374 799 posse
1405 757 1496 798 suo,
1529 748 1576 786 ut
1609 742 1826 786 Ciceronis
1858 747 2064 799 tempore,
2097 743 2346 799 arbitratur,
2379 743 2608 790 dummodo
2638 744 2823 801 philoso-

253 806 438 864 phorum
468 804 649 849 haustus
680 803 816 859 bibat,
849 807 1022 848 secutus
1054 808 1119 848 est
1151 802 1318 847 Plinius
1349 801 1588 859 Secundus,
1637 807 1683 846 ut
1725 814 1779 845 ex
1817 801 2009 846 eiusdem
2051 802 2250 860 epistulis
2281 803 2505 860 ipsiusque
2550 804 2694 848 verbis
2733 805 2826 848 iure

250 865 492 921 conligitur.
524 863 622 921 (Ep.
648 865 689 918 1,
714 865 757 918 5,
784 865 838 905 12
872 869 937 905 est
969 864 1073 905 mihi
1105 877 1202 905 cum
1233 864 1438 906 Cicerone
1469 863 1703 905 aemulatio
1734 876 1812 906 nec
1843 876 1937 904 sum
1968 868 2193 906 contentus
2224 864 2473 916 eloquentia
2493 865 2655 908 saeculi
2675 866 2826 908 nostri:

254 938 356 967 nam
386 923 688 965 stultissimum
720 922 848 964 credo
886 921 944 963 ad
986 922 1242 964 imitandum
1287 937 1374 965 non
1415 922 1579 976 optima
1620 935 1818 975 quaeque
1848 934 2097 976 proponere.
2159 922 2210 965 cf.
2245 923 2285 976 7,
2318 922 2361 976 4,
2392 922 2446 978 43
2478 924 2521 977 5,
2555 923 2596 978 3,
2628 923 2656 967 5
2687 936 2749 977 sq.
2784 925 2826 977 1,

255 984 328 1036 20,
363 983 387 1025 7
421 981 525 1038 sq.);
556 980 671 1024 hunc
702 981 836 1024 etiam
868 980 1069 1024 Tacitum
1100 986 1312 1025 oratorem
1343 986 1536 1025 secutum
1567 993 1675 1035 esse,
1708 992 1762 1024 ex
1793 979 1890 1037 ipsa
1921 992 2033 1035 quae
2071 979 2111 1024 ei
2148 994 2245 1025 cum
2276 979 2418 1026 Plinio
2457 982 2600 1039 priore
2636 986 2827 1039 tempore

252 1042 557 1086 intercesserat
588 1039 829 1084 studiorum
858 1039 1139 1084 similitudine
1169 1039 1261 1084 veri
1291 1039 1554 1084 simillimum
1585 1044 1662 1083 est.

372 1100 459 1142 Illa
490 1113 603 1154 quae
636 1100 893 1151 Quintiliani
924 1100 1181 1143 auctoritate
1212 1105 1308 1142 orta
1338 1106 1403 1142 est
1435 1099 1708 1153 antiquitatis
1740 1098 1923 1141 imitatio
1954 1097 2011 1140 ad
2042 1098 2279 1142 laetissima
2316 1112 2515 1153 quaeque
2551 1101 2825 1156 antiquorum

254 1159 476 1216 pertinuit.
537 1160 650 1202 Nam
700 1172 839 1212 neque
872 1156 1164 1210 Quintilianus
1210 1171 1349 1212 neque
1380 1158 1547 1200 Plinius
1584 1170 1725 1211 neque
1756 1158 1933 1201 Tacitus
1976 1162 2097 1200 tanto
2128 1157 2403 1212 antiquitatis
2433 1158 2577 1203 studio
2609 1165 2652 1204 et
2682 1173 2827 1204 amore

258 1218 475 1263 occaecati
505 1222 641 1271 erant,
672 1222 719 1260 ut
750 1230 874 1260 suum
907 1229 1076 1270 quoque
1106 1217 1327 1259 saeculum
1358 1217 1495 1259 multa
1516 1215 1668 1258 florere
1690 1215 1819 1258 laude
1842 1229 1915 1259 eos
1937 1216 2150 1270 effugerit.
2181 1215 2285 1273 (Cfr.
2307 1216 2654 1274 HaaseiProleg.
2684 1233 2725 1275 p.
2743 1218 2829 1275 17.)

379 1278 447 1320 De
477 1289 523 1320 se
554 1277 649 1331 ipse
681 1275 906 1318 confitetur
936 1275 1103 1319 Plinius
1134 1275 1213 1331 Ep.
1246 1276 1287 1331 6,
1320 1277 1414 1319 2l.:
1471 1275 1601 1328 „Sum
1631 1288 1686 1320 ex
1717 1275 1778 1319 eis
1811 1275 1886 1329 qui
1917 1275 2046 1317 mirer
2076 1276 2290 1331 antiquos,
2323 1289 2409 1319 non
2441 1282 2600 1333 tamen,
2647 1283 2695 1321 ut
2739 1277 2828 1332 qui-

259 1336 374 1390 dam,
406 1339 646 1391 temporum
677 1340 918 1378 nostrorum
948 1335 1124 1389 ingenia
1155 1335 1364 1390 despicio:
1416 1347 1555 1389 neque
1600 1334 1714 1376 enim
1761 1333 1886 1389 quasi
1921 1334 2040 1376 lassa
2077 1340 2120 1377 et
2151 1335 2282 1377 effeta
2313 1340 2484 1392 natura,
2517 1342 2564 1380 ut
2594 1337 2702 1380 nihil
2744 1337 2830 1381 iam

259 1393 482 1438 laudabile
513 1393 694 1449 pariat.“
2811 1402 2816 1404 “

379 1452 568 1495 Plinium
599 1458 642 1496 et
674 1452 876 1496 Tacitum
906 1466 992 1496 non
1021 1451 1147 1497 modo
1179 1452 1395 1496 amicitiae
1426 1451 1741 1496 necessitudine
1771 1450 1850 1495 sed
1880 1451 2091 1495 communi
2122 1452 2253 1494 etiam
2272 1453 2514 1497 studiorum
2538 1454 2708 1498 vinculo
2735 1467 2830 1497 con-

260 1512 431 1558 strictos
461 1512 608 1567 fuisse,
640 1512 868 1556 Plinianae
899 1512 1113 1568 epistulae
1144 1518 1243 1555 sunt
1272 1512 1525 1555 testimonio.

382 1571 577 1613 Similem
607 1570 847 1613 studiorum
876 1572 1086 1613 rationem
1116 1571 1279 1614 indicat
1309 1572 1386 1626 Ep.
1421 1573 1460 1624 7,
1493 1572 1566 1624 20,
1605 1584 1735 1623 quum
1766 1571 1802 1613 si
1834 1570 1930 1623 quis
1961 1569 2015 1612 de
2046 1569 2200 1613 studiis
2230 1584 2370 1615 sermo
2401 1577 2508 1626 erat,
2541 1577 2652 1615 teste
2672 1571 2826 1624 Plinio,

262 1645 350 1674 una
380 1632 714 1672 nominarentur.
776 1632 831 1672 Et
871 1632 964 1685 ipse
995 1631 1172 1673 Tacitus
1204 1630 1345 1673 Plinio
1382 1628 1478 1686 (Ep.
1511 1630 1553 1683 9,
1586 1628 1663 1685 23)
1703 1628 1902 1674 festivam
1939 1627 2021 1674 hac
2063 1627 2117 1672 de
2154 1633 2201 1673 re'
2231 1629 2601 1675 narratiunculam
2631 1628 2832 1675 tradidit:

270 1703 343 1742 „se
373 1702 514 1744 nuper
544 1687 708 1732 sedisse
741 1688 1010 1734 Circensibus
1041 1689 1284 1745 proximum
1317 1689 1452 1744 equiti
1482 1689 1697 1733 Romano:
1748 1687 1861 1733 hunc
1900 1692 1999 1745 post
2035 1688 2178 1733 varios
2215 1688 2493 1746 eruditosque
2523 1702 2741 1734 sermones
2771 1701 2834 1733 re-

267 1748 466 1804 quisisse,
498 1748 675 1791 Italicus
707 1761 752 1792 es
784 1761 840 1791 an
871 1749 1175 1805 provincialis?
1222 1762 1269 1794 se
1300 1748 1588 1806 respondisse,
1641 1748 1753 1793 nosti
1788 1761 1856 1791 me
1892 1753 1934 1791 et
1974 1748 2148 1802 quidem
2184 1760 2239 1790 ex
2268 1749 2444 1805 studiis3
2487 1749 2545 1791 ad
2587 1750 2667 1792 hoc
2697 1750 2835 1790 illum:

266 1809 446 1851 Tacitus
477 1820 522 1849 es
553 1821 609 1849 an
641 1807 862 1851 Plinius?“
929 1809 1009 1851 Cui
1039 1810 1274 1852 narrationi
1305 1810 1471 1851 Plinius
1500 1809 1637 1851 verba
1680 1807 1869 1850 addidit:
1936 1807 2212 1862 „Exprimere
2257 1822 2343 1851 non
2378 1823 2555 1864 possum
2601 1821 2735 1862 quam
2782 1808 2837 1852 sit

266 1866 499 1911 iucundum
527 1866 645 1921 mihi,
679 1867 795 1920 quod
825 1868 998 1910 nomina
1028 1873 1176 1911 nostra
1208 1868 1333 1922 quasi
1362 1868 1604 1910 litterarum
1634 1866 1823 1922 propria,
1855 1881 1941 1909 non
1971 1866 2202 1920 hominum,
2249 1867 2405 1912 litteris
2437 1867 2680 1923 traduntur,
2723 1865 2838 1922 quod

268 1933 449 1980 uterque
479 1930 671 1969 nostrum
703 1925 769 1970 his
801 1926 932 1970 etiam
964 1941 1019 1970 ex
1048 1926 1203 1971 studiis
1234 1931 1375 1982 notus,
1418 1927 1575 1982 quibus
1605 1926 1717 1970 alter
1745 1925 1918 1981 ignotus
1950 1929 2052 1969 est.“

386 1984 604 2041 Imprimis
654 1985 800 2040 gravis
851 1991 893 2029 et
944 1986 1002 2029 ad
1046 1999 1176 2042 quam
1226 1987 1416 2030 animum
1464 1985 1739 2030 attendamus
1791 1985 1923 2041 digna
1965 1990 2030 2029 est
2072 1986 2203 2029 Plinii
2245 1986 2446 2042 Epistula
2489 1986 2530 2041 7,
2578 1987 2660 2029 20:
2716 1985 2836 2038 „Erit

267 2059 414 2090 rarum
444 2050 487 2087 et
518 2044 700 2100 insigne,
734 2045 841 2089 duos
872 2046 1065 2090 homines
1096 2052 1255 2102 aetate,
1288 2046 1500 2102 dignitate
1531 2045 1841 2102 propemodum
1872 2046 2091 2100 aequales,
2123 2046 2368 2089 nonnullius
2398 2045 2444 2088 in
2475 2045 2630 2089 litteris
2651 2044 2837 2088 nominis

269 2106 420 2162 (cogor
452 2104 565 2146 enim
596 2103 650 2146 de
680 2109 724 2147 te
757 2118 926 2159 quoque
957 2106 1130 2161 parcius
1162 2106 1304 2149 dicere
1337 2106 1437 2160 quia
1468 2105 1522 2147 de
1554 2118 1621 2146 me
1642 2105 1769 2148 simul
1790 2104 1905 2161 dico)
1936 2105 2121 2147 alterum
2141 2104 2320 2148 alterius
2341 2104 2488 2148 studia
2508 2104 2678 2147 fovisse.
2709 2104 2839 2157 Equi-

271 2163 370 2206 dem
401 2162 751 2206 adulescentulus
783 2177 915 2218 quum
945 2165 1032 2207 iam
1064 2171 1111 2207 tu
1130 2166 1267 2221 fama
1294 2167 1515 2221 qloriaque
1534 2165 1728 2220 floreres,
1770 2167 1813 2207 te
1850 2165 1986 2218 sequi,
2027 2163 2107 2207 tibi
2143 2164 2285 2219 longo,
2323 2162 2403 2207 sed
2440 2162 2676 2219 proximus,
2709 2163 2838 2205 inter·

270 2222 387 2266 vallo
418 2228 460 2265 et
492 2234 585 2266 esse
634 2227 677 2266 et
708 2222 860 2266 haberi
891 2223 1257 2280 concupiscebam.
1289 2224 1343 2267 Et
1375 2229 1496 2267 erant
1527 2224 1663 2267 multa
1693 2223 1932 2267 clarissima
1961 2222 2150 2278 ingenia,
2182 2222 2260 2267 sed
2290 2227 2339 2266 tu
2368 2222 2475 2265 mihi
2504 2247 2559 2253 —
2594 2224 2659 2265 ita
2690 2222 2840 2264 simili-

272 2284 373 2325 tudo
404 2289 587 2324 naturae
606 2283 786 2338 ferebat
817 2307 875 2313 —
906 2285 1092 2325 maxime
1122 2285 1362 2336 imitabilis,
1391 2285 1576 2326 maxime
1606 2285 1842 2326 imitandus
1870 2283 2128 2325 videbaris.“

391 2339 615 2391 Quomodo
645 2341 786 2395 potuit
818 2341 983 2384 Plinius
1014 2342 1196 2396 opinari,
1227 2343 1310 2387 sibi
1342 2355 1438 2384 cum
1470 2343 1623 2384 Tacito
1654 2348 1836 2394 naturae
1872 2340 2136 2383 intercedere
2182 2338 2505 2383 similitudinem
2540 2339 2710 2392 sibique
2756 2338 2838 2380 Ta-

271 2399 403 2442 citum
435 2403 477 2440 et
507 2398 764 2442 imitabilem
795 2405 838 2443 et
869 2400 1125 2444 imitandum
1156 2401 1308 2456 videri,
1338 2401 1422 2445 nisi
1453 2414 1530 2456 per
1561 2413 1707 2444 omnes
1738 2400 1834 2444 illos
1865 2412 2013 2454 annos,
2046 2399 2202 2453 quibus
2232 2397 2439 2444 causidici
2470 2398 2573 2442 boni
2604 2402 2648 2442 et
2667 2395 2843 2440 facundi

270 2458 455 2513 gloriam
486 2458 666 2512 agendis
697 2460 838 2503 causis
868 2460 951 2503 sibi
984 2461 1211 2514 quaesivit,
1250 2474 1300 2504 eo
1347 2459 1520 2504 dicendi
1551 2473 1709 2514 genere
1746 2473 1848 2503 usus
1884 2463 1962 2513 est,
2007 2457 2122 2514 quod
2162 2458 2339 2515 propius
2382 2457 2441 2501 ad
2479 2456 2696 2501 Ciceronis
2739 2457 2842 2500 alio·

271 2529 453 2570 rumque
475 2522 668 2559 veterum
689 2523 904 2561 oratorum
927 2521 1171 2576 exemplum
1192 2520 1432 2563 accesserit.
1465 2520 1607 2571 Quum
1637 2519 1750 2561 enim
1771 2517 1916 2562 studia
1937 2518 2068 2560 Plinii
2089 2523 2132 2560 et
2154 2518 2296 2560 Taciti
2321 2517 2499 2570 „eadem
2518 2517 2659 2559 fama“
2685 2514 2836 2557 lauda-

270 2580 431 2628 rentur,
465 2575 541 2617 illo
573 2580 764 2631 tempore
794 2578 1016 2632 proprium
1037 2592 1165 2631 quem
1187 2592 1333 2621 omnes
1352 2579 1565 2620 mirantur
1584 2579 1730 2620 stilum
1751 2577 1894 2619 Taciti
1926 2577 2011 2618 iam
2042 2576 2189 2630 fuisse,
2222 2575 2396 2619 credere
2425 2589 2600 2631 prorsus
2629 2579 2837 2618 vetamur.

392 2634 490 2677 Non
520 2640 665 2689 potest
695 2635 740 2677 in
771 2634 949 2678 dubium
980 2636 1138 2691 vocari,
1173 2637 1276 2691 quin
1307 2637 1484 2680 Tacitus
1515 2635 1603 2679 iam
1633 2641 1734 2680 ante
1764 2635 1967 2680 historias
1997 2634 2261 2691 conscriptas
2298 2635 2430 2679 libros
2477 2632 2536 2677 ad
2571 2637 2710 2678 artem
2746 2644 2838 2676 ora-

273 2692 428 2736 toriam
458 2693 726 2749 pertinentes
756 2699 832 2738 aut
864 2695 1079 2741 orationes
1109 2695 1155 2740 in
1184 2696 1343 2751 vulgus
1375 2695 1571 2740 ediderit.

393 2752 505 2795 Nam
535 2757 582 2796 ut
613 2758 886 2809 praeteream
916 2754 1073 2797 librum
1104 2755 1392 2812 Facetiarum,
1435 2769 1520 2810 quo
1557 2755 1632 2809 qui
1669 2754 1921 2797 facetiarum
1964 2753 2100 2809 possit
2140 2753 2186 2794 in
2221 2754 2364 2796 causis
2395 2752 2571 2795 orandis
2602 2764 2697 2794 esse
2727 2765 2842 2806 usus,

273 2810 505 2866 inquisisse
548 2825 645 2855 eum
686 2826 784 2856 cum
827 2813 1000 2857 Haaseo
1042 2815 1239 2870 arbitror,
1291 2829 1386 2858 cum
1423 2815 1574 2859 eodem
1609 2815 1701 2858 viro
1738 2813 1983 2858 doctissimo
2020 2826 2073 2856 ea
2111 2825 2223 2867 quae
2260 2812 2444 2856 invicem
2473 2811 2560 2856 sibi
2599 2810 2842 2866 mittebant,

273 2875 323 2913 ut
354 2884 467 2925 quae
497 2873 813 2928 commutanda,
847 2887 959 2928 quae
992 2874 1221 2917 eximenda
1251 2880 1466 2931 putarent,
1499 2875 1634 2918 libere
1665 2878 1863 2918 notarent
1893 2871 1991 2930 (Ep.
2025 2874 2065 2927 7,
2097 2873 2169 2927 20,
2203 2873 2244 2927 8,
2277 2872 2324 2930 7)
2355 2878 2398 2916 et
2430 2884 2542 2927 quae
2573 2883 2705 2926 saepe
2735 2869 2842 2913 indi·

273 2936 428 2975 cantur
467 2931 612 2975 studia
655 2937 731 2977 aut
775 2934 991 2978 orationes
1042 2934 1175 2979 fuisse
1227 2939 1304 2978 aut
1341 2934 1510 2979 libellos
1546 2934 1622 2989 qui
1657 2933 1715 2976 ad
1752 2939 1890 2977 artem
1931 2932 2161 2977 oratoriam
2190 2932 2467 2989 pertinerent,
2499 2945 2577 2988 pro
2608 2929 2844 2974 certissimo

271 2990 430 3034 habeo:
463 3004 564 3033 nam
595 3005 693 3034 eum
720 2993 906 3036 libenter
936 2994 1003 3037 his
1034 2994 1088 3037 de
1119 2995 1308 3037 oratoria
1338 3001 1431 3037 arte
1461 2993 1785 3049 quaestionibus
1821 3006 1998 3048 operam
2035 3005 2218 3036 navasse
2254 2992 2452 3046 intellegi
2481 2994 2626 3047 potest
2655 2989 2766 3045 Epp.
2801 2991 2840 3045 1,

272 3050 345 3104 20,
379 3062 467 3104 qua
498 3050 666 3093 Plinius
697 3064 794 3093 eum
825 3053 1020 3107 consulit,
1051 3067 1151 3096 num
1184 3053 1336 3109 probet
1367 3054 1624 3097 brevitatem
1653 3053 1698 3095 in
1728 3052 1869 3096 causis
1899 3050 2081 3106 agendis
2111 3064 2169 3094 an
2199 3050 2370 3095 dicendi
2401 3050 2571 3106 copiam
2601 3052 2645 3091 ct
2676 3047 2843 3102 largam

275 3122 406 3161 quam
436 3109 606 3154 Plinius
636 3109 788 3154 laudat
819 3113 1055 3156 orationem
1084 3113 1209 3166 eique
1240 3112 1278 3156 si
1310 3113 1441 3156 Plinii
1471 3111 1713 3157 sententiae
1745 3110 1970 3155 accederet
2001 3110 2144 3155 brevis
2183 3110 2396 3167 epistulae
2439 3107 2756 3163 necessitatem,
2807 3107 2844 3152 si

276 3166 537 3225 dissentiret,
570 3169 847 3225 longissimae
878 3171 1092 3228 imposuit.

396 3227 521 3271 Hunc
551 3229 750 3273 nimirum
791 3230 887 3285 ipsa
918 3236 1075 3274 natura
1112 3245 1196 3274 non
1226 3231 1367 3275 minus
1397 3229 1631 3276 facundum
1673 3244 1803 3286 quam
1848 3231 2119 3285 antiquorum
2160 3229 2326 3274 artibus
2361 3227 2595 3273 subnixum
2632 3229 2842 3269 oratorem

275 3286 526 3356 sectabatur
554 3287 770 3357 iuventus·
785 3296 827 3331 et
859 3296 905 3333 ut
938 3290 1067 3333 Plinii
1099 3289 1197 3347 (Ep.
1230 3291 1272 3345 3,
1308 3290 1382 3348 14)
1423 3289 1567 3334 verbis
1604 3296 1715 3346 utar,
1759 3290 1910 3346 „copia
1939 3289 2227 3335 studiosorum
2263 3288 2323 3332 ad
2350 3301 2449 3332 eum
2479 3299 2534 3330 ex
2564 3283 2845 3329 admiratione

276 3359 441 3401 lngeml
471 3359 564 3390 eius
596 3352 827 3391 convenit.'‘
