<?xml version="1.0" encoding="UTF-8"?>
<!DOCTYPE html PUBLIC "-//W3C//DTD XHTML 1.0 Transitional//EN"
    "http://www.w3.org/TR/xhtml1/DTD/xhtml1-transitional.dtd">
<html xmlns="http://www.w3.org/1999/xhtml" xml:lang="en" lang="en">
 <head>
  <title>
</title>
<meta http-equiv="Content-Type" content="text/html;charset=utf-8" />
  <meta name='ocr-system' content='tesseract 3.04.00' />
  <meta name='ocr-capabilities' content='ocr_page ocr_carea ocr_par ocr_line ocrx_word'/>
</head>
<body>
  <div class='ocr_page' id='page_1' title='image "4763749_0014.png"; bbox 0 0 3147 3774; ppageno 0'>
   <div class='ocr_carea' id='block_1_1' title="bbox 1434 116 1697 159">
    <p class='ocr_par' dir='ltr' id='par_1_1' title="bbox 1434 116 1697 159">
     <span class='ocr_line' id='line_1_1' title="bbox 1434 116 1697 159; baseline 0.004 -14"><span class='ocrx_word' id='word_1_1' title='bbox 1434 116 1697 159; x_wconf 80' lang='grc'>..6.-</span> 
     </span>
    </p>
   </div>
   <div class='ocr_carea' id='block_1_2' title="bbox 257 242 2845 2946">
    <p class='ocr_par' dir='ltr' id='par_1_2' title="bbox 271 242 2845 537">
     <span class='ocr_line' id='line_1_2' title="bbox 275 242 2845 307; baseline -0.002 -13"><span class='ocrx_word' id='word_1_2' title='bbox 275 249 428 307; x_wconf 82' lang='lat' dir='ltr'><strong>reliqui</strong></span> <span class='ocrx_word' id='word_1_3' title='bbox 461 249 559 292; x_wconf 84' lang='lat' dir='ltr'>libri</span> <span class='ocrx_word' id='word_1_4' title='bbox 598 245 875 304; x_wconf 87' lang='lat' dir='ltr'><strong>praecellunt,</strong></span> <span class='ocrx_word' id='word_1_5' title='bbox 918 243 1232 299; x_wconf 81' lang='lat' dir='ltr'><strong>confiterentur,</strong></span> <span class='ocrx_word' id='word_1_6' title='bbox 1266 245 1464 287; x_wconf 90' lang='lat' dir='ltr'><strong>Tacitum</strong></span> <span class='ocrx_word' id='word_1_7' title='bbox 1496 248 1641 286; x_wconf 89' lang='lat' dir='ltr'><strong>tamen</strong></span> <span class='ocrx_word' id='word_1_8' title='bbox 1672 243 1851 286; x_wconf 86' lang='lat' dir='ltr'><strong>artificio</strong></span> <span class='ocrx_word' id='word_1_9' title='bbox 1882 242 2069 297; x_wconf 85' lang='lat' dir='ltr'><strong>quodam</strong></span> <span class='ocrx_word' id='word_1_10' title='bbox 2099 247 2144 285; x_wconf 90' lang='lat' dir='ltr'><strong>et</strong></span> <span class='ocrx_word' id='word_1_11' title='bbox 2173 243 2367 288; x_wconf 89' lang='lat' dir='ltr'><strong>consulto</strong></span> <span class='ocrx_word' id='word_1_12' title='bbox 2397 243 2615 301; x_wconf 84' lang='lat' dir='ltr'><strong>propriam</strong></span> <span class='ocrx_word' id='word_1_13' title='bbox 2644 251 2845 289; x_wconf 88' lang='lat' dir='ltr'><strong>naturam</strong></span> 
     </span>
     <span class='ocr_line' id='line_1_3' title="bbox 271 300 2843 358; baseline -0.002 -5"><span class='ocrx_word' id='word_1_14' title='bbox 271 309 511 353; x_wconf 77' lang='lat' dir='ltr'><strong>occultasse</strong></span> <span class='ocrx_word' id='word_1_15' title='bbox 541 304 779 349; x_wconf 79' lang='lat' dir='ltr'><strong>statuerint.</strong></span> <span class='ocrx_word' id='word_1_16' title='bbox 844 303 897 345; x_wconf 93' lang='lat' dir='ltr'><strong>In</strong></span> <span class='ocrx_word' id='word_1_17' title='bbox 926 302 996 346; x_wconf 89' lang='lat' dir='ltr'><strong>his</strong></span> <span class='ocrx_word' id='word_1_18' title='bbox 1026 302 1276 347; x_wconf 86' lang='lat' dir='ltr'><strong>nominandi</strong></span> <span class='ocrx_word' id='word_1_19' title='bbox 1306 308 1406 346; x_wconf 91' lang='lat' dir='ltr'><strong>sunt</strong></span> <span class='ocrx_word' id='word_1_20' title='bbox 1436 301 1599 345; x_wconf 92' lang='lat' dir='ltr'><strong>Ludov.</strong></span> <span class='ocrx_word' id='word_1_21' title='bbox 1630 301 1956 345; x_wconf 90' lang='lat' dir='ltr'><strong>Doederleinius</strong></span> <span class='ocrx_word' id='word_1_22' title='bbox 1986 306 2030 345; x_wconf 89' lang='lat' dir='ltr'><strong>et</strong></span> <span class='ocrx_word' id='word_1_23' title='bbox 2070 300 2234 345; x_wconf 86' lang='lat' dir='ltr'><strong>Frider.</strong></span> <span class='ocrx_word' id='word_1_24' title='bbox 2266 302 2478 358; x_wconf 87' lang='lat' dir='ltr'><strong>Haaseus,</strong></span> <span class='ocrx_word' id='word_1_25' title='bbox 2516 303 2589 357; x_wconf 89' lang='lat' dir='ltr'><strong>qui</strong></span> <span class='ocrx_word' id='word_1_26' title='bbox 2620 309 2843 358; x_wconf 88' lang='lat' dir='ltr'><strong>praestan-</strong></span> 
     </span>
     <span class='ocr_line' id='line_1_4' title="bbox 273 359 2840 418; baseline -0.001 -7"><span class='ocrx_word' id='word_1_27' title='bbox 273 367 427 411; x_wconf 81' lang='lat' dir='ltr'><strong>tissimi</strong></span> <span class='ocrx_word' id='word_1_28' title='bbox 468 363 606 408; x_wconf 81' lang='lat' dir='ltr'><strong>Taciti</strong></span> <span class='ocrx_word' id='word_1_29' title='bbox 643 361 829 406; x_wconf 84' lang='lat' dir='ltr'><strong>editores</strong></span> <span class='ocrx_word' id='word_1_30' title='bbox 872 361 1232 407; x_wconf 84' lang='lat' dir='ltr'><strong>obtrectatoribus</strong></span> <span class='ocrx_word' id='word_1_31' title='bbox 1273 361 1436 416; x_wconf 83' lang='lat' dir='ltr'><strong>dialogi</strong></span> <span class='ocrx_word' id='word_1_32' title='bbox 1477 361 1656 405; x_wconf 89' lang='lat' dir='ltr'><strong>nimium</strong></span> <span class='ocrx_word' id='word_1_33' title='bbox 1686 360 1961 405; x_wconf 76' lang='lat' dir='ltr'><strong>&#39;concessisse</strong></span> <span class='ocrx_word' id='word_1_34' title='bbox 1997 359 2209 405; x_wconf 88' lang='lat' dir='ltr'><strong>videntur.</strong></span> <span class='ocrx_word' id='word_1_35' title='bbox 2269 360 2382 405; x_wconf 87' lang='lat' dir='ltr'><strong>Nam</strong></span> <span class='ocrx_word' id='word_1_36' title='bbox 2423 362 2517 418; x_wconf 90' lang='lat' dir='ltr'><strong>ipse</strong></span> <span class='ocrx_word' id='word_1_37' title='bbox 2557 361 2840 408; x_wconf 83' lang='lat' dir='ltr'><strong>Hofmannus-</strong></span> 
     </span>
     <span class='ocr_line' id='line_1_5' title="bbox 273 418 2842 480; baseline -0.001 -12"><span class='ocrx_word' id='word_1_38' title='bbox 273 420 647 480; x_wconf 84' lang='lat' dir='ltr'><strong>Peerlkampius¹)</strong></span> <span class='ocrx_word' id='word_1_39' title='bbox 684 420 879 476; x_wconf 82' lang='lat' dir='ltr'><strong>alioquin</strong></span> <span class='ocrx_word' id='word_1_40' title='bbox 921 434 1026 465; x_wconf 89' lang='lat' dir='ltr'><strong>sane</strong></span> <span class='ocrx_word' id='word_1_41' title='bbox 1063 434 1148 464; x_wconf 91' lang='lat' dir='ltr'><strong>non</strong></span> <span class='ocrx_word' id='word_1_42' title='bbox 1178 420 1376 464; x_wconf 90' lang='lat' dir='ltr'><strong>credulus</strong></span> <span class='ocrx_word' id='word_1_43' title='bbox 1416 420 1556 476; x_wconf 90' lang='lat' dir='ltr'><strong>homo,</strong></span> <span class='ocrx_word' id='word_1_44' title='bbox 1600 418 1678 463; x_wconf 89' lang='lat' dir='ltr'><strong>sed</strong></span> <span class='ocrx_word' id='word_1_45' title='bbox 1707 422 1968 477; x_wconf 63' lang='grc' dir='ltr'><strong>ιριτικαίτατος,</strong></span> <span class='ocrx_word' id='word_1_46' title='bbox 2001 423 2147 462; x_wconf 88' lang='lat' dir='ltr'><strong>tamen</strong></span> <span class='ocrx_word' id='word_1_47' title='bbox 2186 419 2255 462; x_wconf 88' lang='lat' dir='ltr'><strong>vel</strong></span> <span class='ocrx_word' id='word_1_48' title='bbox 2297 432 2351 462; x_wconf 87' lang='lat' dir='ltr'><strong>ex</strong></span> <span class='ocrx_word' id='word_1_49' title='bbox 2393 420 2575 476; x_wconf 85' lang='lat' dir='ltr'><strong>singulis</strong></span> <span class='ocrx_word' id='word_1_50' title='bbox 2615 421 2758 465; x_wconf 89' lang='lat' dir='ltr'><strong>verbis</strong></span> <span class='ocrx_word' id='word_1_51' title='bbox 2800 427 2842 465; x_wconf 89' lang='lat' dir='ltr'><strong>et</strong></span> 
     </span>
     <span class='ocr_line' id='line_1_6' title="bbox 272 479 1975 537; baseline -0.005 -10"><span class='ocrx_word' id='word_1_52' title='bbox 272 483 527 527; x_wconf 80' lang='lat' dir='ltr'><strong>dictionibus</strong></span> <span class='ocrx_word' id='word_1_53' title='bbox 568 481 712 537; x_wconf 89' lang='lat' dir='ltr'><strong>ipsum</strong></span> <span class='ocrx_word' id='word_1_54' title='bbox 743 480 944 523; x_wconf 85' lang='lat' dir='ltr'><strong>Tacitum</strong></span> <span class='ocrx_word' id='word_1_55' title='bbox 974 485 1022 523; x_wconf 93' lang='lat' dir='ltr'><strong>ut</strong></span> <span class='ocrx_word' id='word_1_56' title='bbox 1052 493 1107 522; x_wconf 86' lang='lat' dir='ltr'><strong>ex</strong></span> <span class='ocrx_word' id='word_1_57' title='bbox 1139 493 1281 533; x_wconf 88' lang='lat' dir='ltr'><strong>ungue</strong></span> <span class='ocrx_word' id='word_1_58' title='bbox 1312 481 1477 522; x_wconf 85' lang='lat' dir='ltr'><strong>le&#39;onem</strong></span> <span class='ocrx_word' id='word_1_59' title='bbox 1508 479 1695 534; x_wconf 87' lang='lat' dir='ltr'><strong>perspici</strong></span> <span class='ocrx_word' id='word_1_60' title='bbox 1726 479 1975 520; x_wconf 84' lang='lat' dir='ltr'><strong>arbitratur.</strong></span> 
     </span>
    </p>

    <p class='ocr_par' dir='ltr' id='par_1_3' title="bbox 268 535 2842 774">
     <span class='ocr_line' id='line_1_7' title="bbox 391 535 2840 592; baseline 0 -10"><span class='ocrx_word' id='word_1_61' title='bbox 391 540 504 592; x_wconf 85' lang='lat' dir='ltr'><strong>Quin</strong></span> <span class='ocrx_word' id='word_1_62' title='bbox 535 540 669 582; x_wconf 90' lang='lat' dir='ltr'><strong>etiam</strong></span> <span class='ocrx_word' id='word_1_63' title='bbox 699 538 990 592; x_wconf 88' lang='lat' dir='ltr'><strong>Eiehstadius‚</strong></span> <span class='ocrx_word' id='word_1_64' title='bbox 1023 551 1284 592; x_wconf 90' lang='lat' dir='ltr'><strong>quamquam</strong></span> <span class='ocrx_word' id='word_1_65' title='bbox 1315 537 1513 580; x_wconf 89' lang='lat' dir='ltr'><strong>Tacitum</strong></span> <span class='ocrx_word' id='word_1_66' title='bbox 1544 543 1762 581; x_wconf 84' lang='lat' dir='ltr'><strong>auctorem</strong></span> <span class='ocrx_word' id='word_1_67' title='bbox 1793 535 1957 589; x_wconf 84' lang='lat' dir='ltr'><strong>dialogi</strong></span> <span class='ocrx_word' id='word_1_68' title='bbox 1993 535 2128 579; x_wconf 84' lang='lat' dir='ltr'><strong>fuisse</strong></span> <span class='ocrx_word' id='word_1_69' title='bbox 2171 542 2319 591; x_wconf 85' lang='lat' dir='ltr'><strong>negat,</strong></span> <span class='ocrx_word' id='word_1_70' title='bbox 2352 541 2496 581; x_wconf 89' lang='lat' dir='ltr'><strong>tamen</strong></span> <span class='ocrx_word' id='word_1_71' title='bbox 2528 552 2659 592; x_wconf 91' lang='lat' dir='ltr'><strong>quum</strong></span> <span class='ocrx_word' id='word_1_72' title='bbox 2690 538 2840 582; x_wconf 89' lang='lat' dir='ltr'><strong>adver-</strong></span> 
     </span>
     <span class='ocr_line' id='line_1_8' title="bbox 269 594 2842 655; baseline -0.001 -11"><span class='ocrx_word' id='word_1_73' title='bbox 269 600 394 645; x_wconf 87' lang='lat' dir='ltr'><strong>sariis</strong></span> <span class='ocrx_word' id='word_1_74' title='bbox 425 599 672 655; x_wconf 81' lang='lat' dir='ltr'><strong>largiretur,</strong></span> <span class='ocrx_word' id='word_1_75' title='bbox 704 598 956 653; x_wconf 86' lang='lat' dir='ltr'><strong>scriptorem</strong></span> <span class='ocrx_word' id='word_1_76' title='bbox 986 597 1095 640; x_wconf 91' lang='lat' dir='ltr'><strong>bene</strong></span> <span class='ocrx_word' id='word_1_77' title='bbox 1125 602 1343 640; x_wconf 90' lang='lat' dir='ltr'><strong>versatum</strong></span> <span class='ocrx_word' id='word_1_78' title='bbox 1385 596 1516 640; x_wconf 88' lang='lat' dir='ltr'><strong>fuisse</strong></span> <span class='ocrx_word' id='word_1_79' title='bbox 1558 597 1603 639; x_wconf 89' lang='lat' dir='ltr'><strong>in</strong></span> <span class='ocrx_word' id='word_1_80' title='bbox 1646 594 1841 650; x_wconf 90' lang='lat' dir='ltr'><strong>legendis</strong></span> <span class='ocrx_word' id='word_1_81' title='bbox 1886 594 2117 650; x_wconf 86' lang='lat' dir='ltr'><strong>Ciceronis,</strong></span> <span class='ocrx_word' id='word_1_82' title='bbox 2151 595 2420 651; x_wconf 86' lang='lat' dir='ltr'><strong>Quintiliani,</strong></span> <span class='ocrx_word' id='word_1_83' title='bbox 2458 598 2604 641; x_wconf 77' lang='lat' dir='ltr'><strong>Taciti</strong></span> <span class='ocrx_word' id='word_1_84' title='bbox 2633 603 2676 642; x_wconf 92' lang='lat' dir='ltr'><strong>et</strong></span> <span class='ocrx_word' id='word_1_85' title='bbox 2711 598 2842 643; x_wconf 89' lang='lat' dir='ltr'><strong>Plinii</strong></span> 
     </span>
     <span class='ocr_line' id='line_1_9' title="bbox 268 653 2840 714; baseline -0.001 -10"><span class='ocrx_word' id='word_1_86' title='bbox 268 659 448 703; x_wconf 88' lang='lat' dir='ltr'><strong>iunioris</strong></span> <span class='ocrx_word' id='word_1_87' title='bbox 478 659 649 714; x_wconf 87' lang='lat' dir='ltr'><strong>seriptis</strong></span> <span class='ocrx_word' id='word_1_88' title='bbox 680 669 897 712; x_wconf 86' lang='lat' dir='ltr'><strong>saepeque</strong></span> <span class='ocrx_word' id='word_1_89' title='bbox 928 657 973 699; x_wconf 88' lang='lat' dir='ltr'><strong>in</strong></span> <span class='ocrx_word' id='word_1_90' title='bbox 1004 655 1173 698; x_wconf 88' lang='lat' dir='ltr'><strong>delectu</strong></span> <span class='ocrx_word' id='word_1_91' title='bbox 1204 660 1247 698; x_wconf 92' lang='lat' dir='ltr'><strong>et</strong></span> <span class='ocrx_word' id='word_1_92' title='bbox 1279 669 1358 698; x_wconf 92' lang='lat' dir='ltr'><strong>usu</strong></span> <span class='ocrx_word' id='word_1_93' title='bbox 1387 655 1655 709; x_wconf 91' lang='lat' dir='ltr'><strong>singulorum</strong></span> <span class='ocrx_word' id='word_1_94' title='bbox 1686 655 1911 698; x_wconf 88' lang='lat' dir='ltr'><strong>verborum</strong></span> <span class='ocrx_word' id='word_1_95' title='bbox 1941 653 2083 697; x_wconf 90' lang='lat' dir='ltr'><strong>Taciti</strong></span> <span class='ocrx_word' id='word_1_96' title='bbox 2117 655 2304 710; x_wconf 89' lang='lat' dir='ltr'><strong>vestigia</strong></span> <span class='ocrx_word' id='word_1_97' title='bbox 2345 656 2515 712; x_wconf 85' lang='lat' dir='ltr'><strong>legisse,</strong></span> <span class='ocrx_word' id='word_1_98' title='bbox 2557 656 2726 712; x_wconf 89' lang='lat' dir='ltr'><strong>aliquid</strong></span> <span class='ocrx_word' id='word_1_99' title='bbox 2757 657 2840 701; x_wconf 89' lang='lat' dir='ltr'><strong>Ta·</strong></span> 
     </span>
     <span class='ocr_line' id='line_1_10' title="bbox 268 713 2076 774; baseline -0.003 -13"><span class='ocrx_word' id='word_1_100' title='bbox 268 718 460 774; x_wconf 81' lang='lat' dir='ltr'><strong>eitinum,</strong></span> <span class='ocrx_word' id='word_1_101' title='bbox 494 717 690 773; x_wconf 88' lang='lat' dir='ltr'><strong>quamvis</strong></span> <span class='ocrx_word' id='word_1_102' title='bbox 721 716 777 759; x_wconf 89' lang='lat' dir='ltr'><strong>ab</strong></span> <span class='ocrx_word' id='word_1_103' title='bbox 809 715 1023 758; x_wconf 87' lang='lat' dir='ltr'><strong>imitatore</strong></span> <span class='ocrx_word' id='word_1_104' title='bbox 1056 713 1243 768; x_wconf 90' lang='lat' dir='ltr'><strong>quodam</strong></span> <span class='ocrx_word' id='word_1_105' title='bbox 1273 714 1523 770; x_wconf 84' lang='lat' dir='ltr'><strong>profectum,</strong></span> <span class='ocrx_word' id='word_1_106' title='bbox 1557 713 1824 771; x_wconf 83' lang='lat' dir='ltr'><strong>deprehendi</strong></span> <span class='ocrx_word' id='word_1_107' title='bbox 1856 713 2076 758; x_wconf 87' lang='lat' dir='ltr'><strong>concessit.</strong></span> 
     </span>
    </p>

    <p class='ocr_par' dir='ltr' id='par_1_4' title="bbox 268 772 2842 946">
     <span class='ocr_line' id='line_1_11' title="bbox 390 772 2842 832; baseline -0.001 -10"><span class='ocrx_word' id='word_1_108' title='bbox 390 778 427 822; x_wconf 94' lang='grc' dir='ltr'><strong>Ο</strong></span> <span class='ocrx_word' id='word_1_109' title='bbox 458 790 548 820; x_wconf 90' lang='lat' dir='ltr'><strong>rem</strong></span> <span class='ocrx_word' id='word_1_110' title='bbox 578 775 821 818; x_wconf 85' lang='lat' dir='ltr'><strong>mirificam!</strong></span> <span class='ocrx_word' id='word_1_111' title='bbox 868 773 952 829; x_wconf 89' lang='lat' dir='ltr'><strong>ipsi</strong></span> <span class='ocrx_word' id='word_1_112' title='bbox 983 772 1221 815; x_wconf 89' lang='lat' dir='ltr'><strong>adversarii</strong></span> <span class='ocrx_word' id='word_1_113' title='bbox 1252 773 1478 816; x_wconf 88' lang='lat' dir='ltr'><strong>Tacitinae</strong></span> <span class='ocrx_word' id='word_1_114' title='bbox 1509 774 1687 828; x_wconf 91' lang='lat' dir='ltr'><strong>originis</strong></span> <span class='ocrx_word' id='word_1_115' title='bbox 1729 773 1917 816; x_wconf 89' lang='lat' dir='ltr'><strong>Tacitini</strong></span> <span class='ocrx_word' id='word_1_116' title='bbox 1961 773 2153 816; x_wconf 92' lang='lat' dir='ltr'><strong>nonnihil</strong></span> <span class='ocrx_word' id='word_1_117' title='bbox 2184 773 2469 831; x_wconf 83' lang='lat' dir='ltr'><strong>adgnoscunt,</strong></span> <span class='ocrx_word' id='word_1_118' title='bbox 2501 780 2842 832; x_wconf 86' lang='lat' dir='ltr'><strong>propugnatores</strong></span> 
     </span>
     <span class='ocr_line' id='line_1_12' title="bbox 268 831 2840 889; baseline -0.001 -9"><span class='ocrx_word' id='word_1_119' title='bbox 268 836 464 880; x_wconf 82' lang='lat' dir='ltr'><strong>acerrimi</strong></span> <span class='ocrx_word' id='word_1_120' title='bbox 493 849 594 877; x_wconf 89' lang='lat' dir='ltr'><strong>vero</strong></span> <span class='ocrx_word' id='word_1_121' title='bbox 625 833 731 875; x_wconf 92' lang='lat' dir='ltr'><strong>nihil</strong></span> <span class='ocrx_word' id='word_1_122' title='bbox 763 832 923 874; x_wconf 84' lang='lat' dir='ltr'><strong>vident.</strong></span> <span class='ocrx_word' id='word_1_123' title='bbox 986 833 1022 874; x_wconf 94' lang='lat' dir='ltr'>O</span> <span class='ocrx_word' id='word_1_124' title='bbox 1057 833 1352 885; x_wconf 89' lang='lat' dir='ltr'><strong>quaestionem</strong></span> <span class='ocrx_word' id='word_1_125' title='bbox 1383 831 1703 886; x_wconf 80' lang='lat' dir='ltr'><strong>perdifficilem!</strong></span> <span class='ocrx_word' id='word_1_126' title='bbox 1742 846 1842 873; x_wconf 87' lang='lat' dir='ltr'><strong>nam</strong></span> <span class='ocrx_word' id='word_1_127' title='bbox 1873 831 2107 886; x_wconf 88' lang='lat' dir='ltr'><strong>praeclaris</strong></span> <span class='ocrx_word' id='word_1_128' title='bbox 2138 831 2183 873; x_wconf 91' lang='lat' dir='ltr'><strong>in</strong></span> <span class='ocrx_word' id='word_1_129' title='bbox 2212 838 2395 887; x_wconf 87' lang='lat' dir='ltr'><strong>utraque</strong></span> <span class='ocrx_word' id='word_1_130' title='bbox 2426 841 2550 889; x_wconf 89' lang='lat' dir='ltr'><strong>parte</strong></span> <span class='ocrx_word' id='word_1_131' title='bbox 2581 834 2840 879; x_wconf 89' lang='lat' dir='ltr'><strong>doctissimo-</strong></span> 
     </span>
     <span class='ocr_line' id='line_1_13' title="bbox 269 891 916 946; baseline -0.011 -6"><span class='ocrx_word' id='word_1_132' title='bbox 269 910 361 940; x_wconf 88' lang='lat' dir='ltr'><strong>rum</strong></span> <span class='ocrx_word' id='word_1_133' title='bbox 392 893 633 938; x_wconf 88' lang='lat' dir='ltr'><strong>nominibus</strong></span> <span class='ocrx_word' id='word_1_134' title='bbox 663 891 916 946; x_wconf 86' lang='lat' dir='ltr'><strong>gloriantur,</strong></span> 
     </span>
    </p>

    <p class='ocr_par' dir='ltr' id='par_1_5' title="bbox 265 949 2843 1416">
     <span class='ocr_line' id='line_1_14' title="bbox 387 949 2840 1007; baseline 0 -12"><span class='ocrx_word' id='word_1_135' title='bbox 387 953 530 1005; x_wconf 88' lang='lat' dir='ltr'><strong>Quum</strong></span> <span class='ocrx_word' id='word_1_136' title='bbox 559 950 694 1005; x_wconf 87' lang='lat' dir='ltr'><strong>igitur</strong></span> <span class='ocrx_word' id='word_1_137' title='bbox 723 950 768 993; x_wconf 91' lang='lat' dir='ltr'><strong>in</strong></span> <span class='ocrx_word' id='word_1_138' title='bbox 799 949 882 993; x_wconf 91' lang='lat' dir='ltr'><strong>hac</strong></span> <span class='ocrx_word' id='word_1_139' title='bbox 913 949 990 992; x_wconf 85' lang='lat' dir='ltr'><strong>lite</strong></span> <span class='ocrx_word' id='word_1_140' title='bbox 1020 949 1234 993; x_wconf 87' lang='lat' dir='ltr'><strong>litteraria</strong></span> <span class='ocrx_word' id='word_1_141' title='bbox 1272 964 1349 1005; x_wconf 88' lang='lat' dir='ltr'><strong>per</strong></span> <span class='ocrx_word' id='word_1_142' title='bbox 1389 950 1472 993; x_wconf 87' lang='lat' dir='ltr'><strong>tria</strong></span> <span class='ocrx_word' id='word_1_143' title='bbox 1513 949 1602 993; x_wconf 83' lang='lat' dir='ltr'><strong>sere</strong></span> <span class='ocrx_word' id='word_1_144' title='bbox 1645 949 1821 1004; x_wconf 86' lang='lat' dir='ltr'><strong>saecula</strong></span> <span class='ocrx_word' id='word_1_145' title='bbox 1860 949 1947 991; x_wconf 89' lang='lat' dir='ltr'><strong>iam</strong></span> <span class='ocrx_word' id='word_1_146' title='bbox 1968 962 2005 991; x_wconf 74' lang='lat' dir='ltr'><strong>.a</strong></span> <span class='ocrx_word' id='word_1_147' title='bbox 2034 953 2096 992; x_wconf 90' lang='lat' dir='ltr'><strong>tot</strong></span> <span class='ocrx_word' id='word_1_148' title='bbox 2128 949 2347 1004; x_wconf 87' lang='lat' dir='ltr'><strong>tantisque</strong></span> <span class='ocrx_word' id='word_1_149' title='bbox 2377 951 2482 996; x_wconf 88' lang='lat' dir='ltr'><strong>viris</strong></span> <span class='ocrx_word' id='word_1_150' title='bbox 2512 952 2682 1007; x_wconf 90' lang='lat' dir='ltr'><strong>agitata</strong></span> <span class='ocrx_word' id='word_1_151' title='bbox 2718 956 2840 996; x_wconf 89' lang='lat' dir='ltr'><strong>tanta</strong></span> 
     </span>
     <span class='ocr_line' id='line_1_15' title="bbox 267 1006 2840 1067; baseline -0.001 -10"><span class='ocrx_word' id='word_1_152' title='bbox 267 1017 468 1057; x_wconf 85' lang='lat' dir='ltr'><strong>cernatur</strong></span> <span class='ocrx_word' id='word_1_153' title='bbox 498 1010 724 1064; x_wconf 87' lang='lat' dir='ltr'><strong>dissensio,</strong></span> <span class='ocrx_word' id='word_1_154' title='bbox 757 1014 805 1052; x_wconf 90' lang='lat' dir='ltr'><strong>ut</strong></span> <span class='ocrx_word' id='word_1_155' title='bbox 836 1009 962 1051; x_wconf 90' lang='lat' dir='ltr'><strong>multi</strong></span> <span class='ocrx_word' id='word_1_156' title='bbox 992 1008 1199 1063; x_wconf 90' lang='lat' dir='ltr'><strong>homines,</strong></span> <span class='ocrx_word' id='word_1_157' title='bbox 1232 1007 1590 1063; x_wconf 86' lang='lat' dir='ltr'><strong>quemadmodum</strong></span> <span class='ocrx_word' id='word_1_158' title='bbox 1631 1007 1732 1051; x_wconf 93' lang='lat' dir='ltr'><strong>olim</strong></span> <span class='ocrx_word' id='word_1_159' title='bbox 1773 1007 1946 1063; x_wconf 90' lang='lat' dir='ltr'><strong>Lipsius</strong></span> <span class='ocrx_word' id='word_1_160' title='bbox 1987 1006 2211 1062; x_wconf 89' lang='lat' dir='ltr'><strong>ambigens</strong></span> <span class='ocrx_word' id='word_1_161' title='bbox 2242 1011 2536 1063; x_wconf 89' lang='lat' dir='ltr'><strong>quaestionem</strong></span> <span class='ocrx_word' id='word_1_162' title='bbox 2566 1023 2616 1055; x_wconf 89' lang='lat' dir='ltr'><strong>eo</strong></span> <span class='ocrx_word' id='word_1_163' title='bbox 2638 1024 2840 1067; x_wconf 88' lang='lat' dir='ltr'><strong>responso</strong></span> 
     </span>
     <span class='ocr_line' id='line_1_16' title="bbox 265 1066 2839 1125; baseline -0.001 -10"><span class='ocrx_word' id='word_1_164' title='bbox 265 1072 487 1115; x_wconf 85' lang='lat' dir='ltr'><strong>finiverat:</strong></span> <span class='ocrx_word' id='word_1_165' title='bbox 528 1069 614 1112; x_wconf 89' lang='lat' dir='ltr'><strong>sibi</strong></span> <span class='ocrx_word' id='word_1_166' title='bbox 653 1082 739 1112; x_wconf 91' lang='lat' dir='ltr'><strong>non</strong></span> <span class='ocrx_word' id='word_1_167' title='bbox 780 1068 960 1122; x_wconf 88' lang='lat' dir='ltr'><strong>liquere,</strong></span> <span class='ocrx_word' id='word_1_168' title='bbox 993 1067 1056 1110; x_wconf 89' lang='lat' dir='ltr'><strong>ita</strong></span> <span class='ocrx_word' id='word_1_169' title='bbox 1086 1067 1213 1111; x_wconf 92' lang='lat' dir='ltr'><strong>hodie</strong></span> <span class='ocrx_word' id='word_1_170' title='bbox 1246 1081 1414 1122; x_wconf 91' lang='lat' dir='ltr'><strong>quoquc</strong></span> <span class='ocrx_word' id='word_1_171' title='bbox 1445 1068 1518 1111; x_wconf 84' lang='lat' dir='ltr'><strong>vix</strong></span> <span class='ocrx_word' id='word_1_172' title='bbox 1549 1067 1607 1110; x_wconf 89' lang='lat' dir='ltr'><strong>ad</strong></span> <span class='ocrx_word' id='word_1_173' title='bbox 1637 1066 1848 1120; x_wconf 92' lang='lat' dir='ltr'><strong>liquidum</strong></span> <span class='ocrx_word' id='word_1_174' title='bbox 1879 1066 2057 1121; x_wconf 81' lang='lat' dir='ltr'><strong>perduci</strong></span> <span class='ocrx_word' id='word_1_175' title='bbox 2085 1079 2211 1122; x_wconf 89' lang='lat' dir='ltr'><strong>posse</strong></span> <span class='ocrx_word' id='word_1_176' title='bbox 2242 1067 2484 1125; x_wconf 87' lang='lat' dir='ltr'><strong>desperent,</strong></span> <span class='ocrx_word' id='word_1_177' title='bbox 2508 1070 2703 1124; x_wconf 91' lang='lat' dir='ltr'><strong>quisnam</strong></span> <span class='ocrx_word' id='word_1_178' title='bbox 2733 1083 2839 1114; x_wconf 90' lang='lat' dir='ltr'><strong>mor-</strong></span> 
     </span>
     <span class='ocr_line' id='line_1_17' title="bbox 266 1126 2840 1185; baseline -0.001 -10"><span class='ocrx_word' id='word_1_179' title='bbox 266 1132 421 1175; x_wconf 89' lang='lat' dir='ltr'><strong>talium</strong></span> <span class='ocrx_word' id='word_1_180' title='bbox 452 1129 675 1183; x_wconf 89' lang='lat' dir='ltr'><strong>dialogum</strong></span> <span class='ocrx_word' id='word_1_181' title='bbox 706 1127 1025 1183; x_wconf 86' lang='lat' dir='ltr'><strong>conscripserit:</strong></span> <span class='ocrx_word' id='word_1_182' title='bbox 1057 1139 1138 1180; x_wconf 92' lang='lat' dir='ltr'><strong>ego</strong></span> <span class='ocrx_word' id='word_1_183' title='bbox 1170 1127 1345 1181; x_wconf 91' lang='lat' dir='ltr'><strong>quidem</strong></span> <span class='ocrx_word' id='word_1_184' title='bbox 1376 1128 1565 1183; x_wconf 89' lang='lat' dir='ltr'><strong>perbene</strong></span> <span class='ocrx_word' id='word_1_185' title='bbox 1596 1126 1790 1169; x_wconf 83' lang='lat' dir='ltr'><strong>intellexi</strong></span> <span class='ocrx_word' id='word_1_186' title='bbox 1820 1138 1889 1168; x_wconf 92' lang='lat' dir='ltr'><strong>me</strong></span> <span class='ocrx_word' id='word_1_187' title='bbox 1919 1139 2095 1175; x_wconf 68' lang='lat' dir='ltr'><strong>causam</strong></span> <span class='ocrx_word' id='word_1_188' title='bbox 2125 1126 2359 1183; x_wconf 88' lang='lat' dir='ltr'><strong>ancipitem</strong></span> <span class='ocrx_word' id='word_1_189' title='bbox 2380 1134 2552 1185; x_wconf 90' lang='lat' dir='ltr'><strong>etopus</strong></span> <span class='ocrx_word' id='word_1_190' title='bbox 2574 1128 2840 1185; x_wconf 85' lang='lat' dir='ltr'><strong>periculosae</strong></span> 
     </span>
     <span class='ocr_line' id='line_1_18' title="bbox 266 1183 2839 1246; baseline -0.001 -13"><span class='ocrx_word' id='word_1_191' title='bbox 266 1191 391 1233; x_wconf 83' lang='lat' dir='ltr'><strong>aleae</strong></span> <span class='ocrx_word' id='word_1_192' title='bbox 423 1189 599 1246; x_wconf 90' lang='lat' dir='ltr'><strong>plenum</strong></span> <span class='ocrx_word' id='word_1_193' title='bbox 630 1185 826 1241; x_wconf 87' lang='lat' dir='ltr'><strong>adgredi,</strong></span> <span class='ocrx_word' id='word_1_194' title='bbox 860 1185 933 1239; x_wconf 90' lang='lat' dir='ltr'><strong>qui</strong></span> <span class='ocrx_word' id='word_1_195' title='bbox 965 1189 1062 1240; x_wconf 89' lang='lat' dir='ltr'><strong>post</strong></span> <span class='ocrx_word' id='word_1_196' title='bbox 1093 1190 1155 1228; x_wconf 89' lang='lat' dir='ltr'><strong>tot</strong></span> <span class='ocrx_word' id='word_1_197' title='bbox 1187 1185 1502 1241; x_wconf 89' lang='lat' dir='ltr'><strong>disputationes</strong></span> <span class='ocrx_word' id='word_1_198' title='bbox 1533 1185 1872 1229; x_wconf 89' lang='lat' dir='ltr'><strong>doctissimorum</strong></span> <span class='ocrx_word' id='word_1_199' title='bbox 1916 1183 2135 1228; x_wconf 91' lang='lat' dir='ltr'><strong>hominum</strong></span> <span class='ocrx_word' id='word_1_200' title='bbox 2176 1199 2332 1229; x_wconf 89' lang='lat' dir='ltr'><strong>novam</strong></span> <span class='ocrx_word' id='word_1_201' title='bbox 2363 1187 2446 1231; x_wconf 90' lang='lat' dir='ltr'><strong>hac</strong></span> <span class='ocrx_word' id='word_1_202' title='bbox 2477 1187 2532 1231; x_wconf 91' lang='lat' dir='ltr'><strong>de</strong></span> <span class='ocrx_word' id='word_1_203' title='bbox 2563 1201 2609 1231; x_wconf 90' lang='lat' dir='ltr'><strong>re</strong></span> <span class='ocrx_word' id='word_1_204' title='bbox 2640 1189 2839 1232; x_wconf 86' lang='lat' dir='ltr'><strong>disserta-</strong></span> 
     </span>
     <span class='ocr_line' id='line_1_19' title="bbox 268 1242 2843 1300; baseline -0.001 -8"><span class='ocrx_word' id='word_1_205' title='bbox 268 1251 428 1292; x_wconf 87' lang='lat' dir='ltr'><strong>tionem</strong></span> <span class='ocrx_word' id='word_1_206' title='bbox 473 1247 653 1300; x_wconf 87' lang='lat' dir='ltr'><strong>vulgare</strong></span> <span class='ocrx_word' id='word_1_207' title='bbox 694 1250 872 1287; x_wconf 87' lang='lat' dir='ltr'><strong>conatus</strong></span> <span class='ocrx_word' id='word_1_208' title='bbox 913 1244 1006 1286; x_wconf 92' lang='lat' dir='ltr'><strong>sim.</strong></span> <span class='ocrx_word' id='word_1_209' title='bbox 1077 1244 1180 1298; x_wconf 86' lang='lat' dir='ltr'><strong>Ipsa</strong></span> <span class='ocrx_word' id='word_1_210' title='bbox 1220 1250 1366 1286; x_wconf 90' lang='lat' dir='ltr'><strong>autem</strong></span> <span class='ocrx_word' id='word_1_211' title='bbox 1410 1244 1675 1298; x_wconf 87' lang='lat' dir='ltr'><strong>quaestionis</strong></span> <span class='ocrx_word' id='word_1_212' title='bbox 1706 1242 1936 1285; x_wconf 89' lang='lat' dir='ltr'><strong>difficultas</strong></span> <span class='ocrx_word' id='word_1_213' title='bbox 1972 1243 2196 1299; x_wconf 88' lang='lat' dir='ltr'><strong>voluptate</strong></span> <span class='ocrx_word' id='word_1_214' title='bbox 2234 1244 2424 1299; x_wconf 89' lang='lat' dir='ltr'><strong>quadam</strong></span> <span class='ocrx_word' id='word_1_215' title='bbox 2470 1247 2659 1289; x_wconf 91' lang='lat' dir='ltr'><strong>animum</strong></span> <span class='ocrx_word' id='word_1_216' title='bbox 2702 1260 2843 1289; x_wconf 90' lang='lat' dir='ltr'><strong>meum</strong></span> 
     </span>
     <span class='ocr_line' id='line_1_20' title="bbox 268 1301 2841 1362; baseline -0.001 -12"><span class='ocrx_word' id='word_1_217' title='bbox 268 1307 379 1350; x_wconf 86' lang='lat' dir='ltr'><strong>adeo</strong></span> <span class='ocrx_word' id='word_1_218' title='bbox 410 1309 585 1362; x_wconf 83' lang='lat' dir='ltr'><strong>ceperat</strong></span> <span class='ocrx_word' id='word_1_219' title='bbox 618 1309 678 1358; x_wconf 89' lang='lat' dir='ltr'><strong>ut,</strong></span> <span class='ocrx_word' id='word_1_220' title='bbox 710 1302 966 1358; x_wconf 88' lang='lat' dir='ltr'><strong>praesertim</strong></span> <span class='ocrx_word' id='word_1_221' title='bbox 998 1315 1129 1355; x_wconf 91' lang='lat' dir='ltr'><strong>quum</strong></span> <span class='ocrx_word' id='word_1_222' title='bbox 1161 1302 1205 1344; x_wconf 92' lang='lat' dir='ltr'><strong>in</strong></span> <span class='ocrx_word' id='word_1_223' title='bbox 1237 1308 1464 1356; x_wconf 87' lang='lat' dir='ltr'><strong>utramque</strong></span> <span class='ocrx_word' id='word_1_224' title='bbox 1495 1308 1664 1357; x_wconf 89' lang='lat' dir='ltr'><strong>partem</strong></span> <span class='ocrx_word' id='word_1_225' title='bbox 1696 1302 1803 1345; x_wconf 90' lang='lat' dir='ltr'><strong>satis</strong></span> <span class='ocrx_word' id='word_1_226' title='bbox 1834 1301 2099 1357; x_wconf 90' lang='lat' dir='ltr'><strong>disputatum</strong></span> <span class='ocrx_word' id='word_1_227' title='bbox 2132 1307 2175 1345; x_wconf 93' lang='lat' dir='ltr'><strong>et</strong></span> <span class='ocrx_word' id='word_1_228' title='bbox 2204 1303 2261 1346; x_wconf 89' lang='lat' dir='ltr'><strong>ab</strong></span> <span class='ocrx_word' id='word_1_229' title='bbox 2292 1309 2476 1362; x_wconf 87' lang='lat' dir='ltr'><strong>utraque</strong></span> <span class='ocrx_word' id='word_1_230' title='bbox 2507 1311 2632 1361; x_wconf 90' lang='lat' dir='ltr'><strong>parte</strong></span> <span class='ocrx_word' id='word_1_231' title='bbox 2662 1306 2841 1349; x_wconf 88' lang='lat' dir='ltr'><strong>multum</strong></span> 
     </span>
     <span class='ocr_line' id='line_1_21' title="bbox 266 1360 1972 1416; baseline -0.004 -8"><span class='ocrx_word' id='word_1_232' title='bbox 266 1379 515 1409; x_wconf 82' lang='lat' dir='ltr'><strong>concessum</strong></span> <span class='ocrx_word' id='word_1_233' title='bbox 546 1362 780 1415; x_wconf 83' lang='lat' dir='ltr'><strong>videretur,</strong></span> <span class='ocrx_word' id='word_1_234' title='bbox 813 1360 991 1403; x_wconf 88' lang='lat' dir='ltr'><strong>tandem</strong></span> <span class='ocrx_word' id='word_1_235' title='bbox 1023 1361 1318 1414; x_wconf 89' lang='lat' dir='ltr'><strong>quaestionem</strong></span> <span class='ocrx_word' id='word_1_236' title='bbox 1349 1361 1516 1404; x_wconf 87' lang='lat' dir='ltr'><strong>absolvi</strong></span> <span class='ocrx_word' id='word_1_237' title='bbox 1547 1374 1676 1416; x_wconf 90' lang='lat' dir='ltr'><strong>posse</strong></span> <span class='ocrx_word' id='word_1_238' title='bbox 1707 1360 1972 1403; x_wconf 88' lang='lat' dir='ltr'><strong>confiderem.</strong></span> 
     </span>
    </p>

    <p class='ocr_par' dir='ltr' id='par_1_6' title="bbox 386 1419 2078 1478">
     <span class='ocr_line' id='line_1_22' title="bbox 386 1419 2078 1478; baseline -0.002 -12"><span class='ocrx_word' id='word_1_239' title='bbox 386 1425 542 1478; x_wconf 84' lang='lat' dir='ltr'><strong>ltaque</strong></span> <span class='ocrx_word' id='word_1_240' title='bbox 573 1425 722 1464; x_wconf 89' lang='lat' dir='ltr'><strong>contra</strong></span> <span class='ocrx_word' id='word_1_241' title='bbox 754 1419 1190 1475; x_wconf 78' lang='lat' dir='ltr'><strong>Lipsiialiorumquc</strong></span> <span class='ocrx_word' id='word_1_242' title='bbox 1223 1420 1523 1464; x_wconf 88' lang='lat' dir='ltr'><strong>auctoritatem</strong></span> <span class='ocrx_word' id='word_1_243' title='bbox 1555 1419 1849 1463; x_wconf 88' lang='lat' dir='ltr'><strong>demonstrare</strong></span> <span class='ocrx_word' id='word_1_244' title='bbox 1880 1420 2078 1473; x_wconf 91' lang='lat' dir='ltr'><strong>conabor,</strong></span> 
     </span>
    </p>

    <p class='ocr_par' dir='ltr' id='par_1_7' title="bbox 268 1477 2843 1831">
     <span class='ocr_line' id='line_1_23' title="bbox 551 1477 2462 1536; baseline 0.001 -14"><span class='ocrx_word' id='word_1_245' title='bbox 551 1480 738 1536; x_wconf 91' lang='lat' dir='ltr'><strong>primum</strong></span> <span class='ocrx_word' id='word_1_246' title='bbox 769 1481 962 1534; x_wconf 89' lang='lat' dir='ltr'><strong>potuisse</strong></span> <span class='ocrx_word' id='word_1_247' title='bbox 993 1478 1058 1520; x_wconf 92' lang='lat' dir='ltr'><strong>uti</strong></span> <span class='ocrx_word' id='word_1_248' title='bbox 1090 1479 1290 1521; x_wconf 90' lang='lat' dir='ltr'><strong>Tacitum</strong></span> <span class='ocrx_word' id='word_1_249' title='bbox 1322 1492 1372 1521; x_wconf 91' lang='lat' dir='ltr'><strong>eo</strong></span> <span class='ocrx_word' id='word_1_250' title='bbox 1403 1478 1517 1532; x_wconf 90' lang='lat' dir='ltr'><strong>quod</strong></span> <span class='ocrx_word' id='word_1_251' title='bbox 1548 1478 1593 1520; x_wconf 89' lang='lat' dir='ltr'><strong>in</strong></span> <span class='ocrx_word' id='word_1_252' title='bbox 1623 1477 1798 1532; x_wconf 84' lang='lat' dir='ltr'><strong>dialogo</strong></span> <span class='ocrx_word' id='word_1_253' title='bbox 1831 1477 2014 1534; x_wconf 89' lang='lat' dir='ltr'><strong>adparet</strong></span> <span class='ocrx_word' id='word_1_254' title='bbox 2046 1478 2260 1522; x_wconf 81' lang='lat' dir='ltr'><strong>scribendi</strong></span> <span class='ocrx_word' id='word_1_255' title='bbox 2291 1493 2462 1535; x_wconf 88' lang='lat' dir='ltr'><strong>genere,</strong></span> 
     </span>
     <span class='ocr_line' id='line_1_24' title="bbox 556 1536 2245 1594; baseline 0 -12"><span class='ocrx_word' id='word_1_256' title='bbox 556 1538 714 1582; x_wconf 87' lang='lat' dir='ltr'><strong>deinde</strong></span> <span class='ocrx_word' id='word_1_257' title='bbox 746 1537 947 1581; x_wconf 89' lang='lat' dir='ltr'><strong>Tacitum</strong></span> <span class='ocrx_word' id='word_1_258' title='bbox 979 1550 1057 1594; x_wconf 90' lang='lat' dir='ltr'><strong>per</strong></span> <span class='ocrx_word' id='word_1_259' title='bbox 1089 1537 1306 1591; x_wconf 87' lang='lat' dir='ltr'><strong>quoddam</strong></span> <span class='ocrx_word' id='word_1_260' title='bbox 1336 1538 1451 1581; x_wconf 83' lang='lat' dir='ltr'><strong>vitae</strong></span> <span class='ocrx_word' id='word_1_261' title='bbox 1483 1542 1652 1593; x_wconf 87' lang='lat' dir='ltr'><strong>tempus</strong></span> <span class='ocrx_word' id='word_1_262' title='bbox 1683 1536 1764 1580; x_wconf 90' lang='lat' dir='ltr'><strong>hoc</strong></span> <span class='ocrx_word' id='word_1_263' title='bbox 1794 1550 1953 1591; x_wconf 87' lang='lat' dir='ltr'><strong>genere</strong></span> <span class='ocrx_word' id='word_1_264' title='bbox 1985 1550 2107 1581; x_wconf 88' lang='lat' dir='ltr'><strong>usum</strong></span> <span class='ocrx_word' id='word_1_265' title='bbox 2138 1550 2245 1594; x_wconf 87' lang='lat' dir='ltr'><strong>esse,</strong></span> 
     </span>
     <span class='ocr_line' id='line_1_25' title="bbox 553 1597 2378 1652; baseline -0.001 -10"><span class='ocrx_word' id='word_1_266' title='bbox 553 1604 645 1642; x_wconf 92' lang='lat' dir='ltr'><strong>tum</strong></span> <span class='ocrx_word' id='word_1_267' title='bbox 676 1599 919 1640; x_wconf 89' lang='lat' dir='ltr'><strong>universam</strong></span> <span class='ocrx_word' id='word_1_268' title='bbox 951 1597 1139 1639; x_wconf 87' lang='lat' dir='ltr'><strong>indolem</strong></span> <span class='ocrx_word' id='word_1_269' title='bbox 1169 1603 1211 1639; x_wconf 91' lang='lat' dir='ltr'><strong>et</strong></span> <span class='ocrx_word' id='word_1_270' title='bbox 1245 1598 1460 1651; x_wconf 85' lang='lat' dir='ltr'><strong>ingenium</strong></span> <span class='ocrx_word' id='word_1_271' title='bbox 1493 1597 1655 1651; x_wconf 87' lang='lat' dir='ltr'><strong>dialogi</strong></span> <span class='ocrx_word' id='word_1_272' title='bbox 1686 1609 1836 1639; x_wconf 89' lang='lat' dir='ltr'><strong>sensus</strong></span> <span class='ocrx_word' id='word_1_273' title='bbox 1867 1597 2003 1652; x_wconf 89' lang='lat' dir='ltr'><strong>ipsius</strong></span> <span class='ocrx_word' id='word_1_274' title='bbox 2034 1597 2176 1640; x_wconf 86' lang='lat' dir='ltr'><strong>Taciti</strong></span> <span class='ocrx_word' id='word_1_275' title='bbox 2207 1599 2378 1652; x_wconf 64' lang='lat' dir='ltr'><strong>restrre,</strong></span> 
     </span>
     <span class='ocr_line' id='line_1_26' title="bbox 558 1655 2843 1713; baseline 0.001 -14"><span class='ocrx_word' id='word_1_276' title='bbox 558 1663 771 1712; x_wconf 89' lang='lat' dir='ltr'><strong>postremo</strong></span> <span class='ocrx_word' id='word_1_277' title='bbox 803 1656 846 1698; x_wconf 92' lang='lat' dir='ltr'><strong>in</strong></span> <span class='ocrx_word' id='word_1_278' title='bbox 878 1669 1071 1698; x_wconf 89' lang='lat' dir='ltr'><strong>sermone</strong></span> <span class='ocrx_word' id='word_1_279' title='bbox 1104 1661 1147 1698; x_wconf 87' lang='lat' dir='ltr'><strong>et</strong></span> <span class='ocrx_word' id='word_1_280' title='bbox 1178 1662 1272 1698; x_wconf 88' lang='lat' dir='ltr'><strong>arte</strong></span> <span class='ocrx_word' id='word_1_281' title='bbox 1305 1656 1481 1710; x_wconf 84' lang='lat' dir='ltr'><strong>dialogi,</strong></span> <span class='ocrx_word' id='word_1_282' title='bbox 1513 1656 1551 1698; x_wconf 92' lang='lat' dir='ltr'><strong>si</strong></span> <span class='ocrx_word' id='word_1_283' title='bbox 1589 1655 1717 1698; x_wconf 89' lang='lat' dir='ltr'><strong>altius</strong></span> <span class='ocrx_word' id='word_1_284' title='bbox 1760 1655 1932 1708; x_wconf 85' lang='lat' dir='ltr'><strong>singula</strong></span> <span class='ocrx_word' id='word_1_285' title='bbox 1973 1661 2303 1710; x_wconf 88' lang='lat' dir='ltr'><strong>perscrutamur,</strong></span> <span class='ocrx_word' id='word_1_286' title='bbox 2346 1656 2544 1700; x_wconf 91' lang='lat' dir='ltr'><strong>Tacitum</strong></span> <span class='ocrx_word' id='word_1_287' title='bbox 2585 1671 2668 1705; x_wconf 79' lang='lat' dir='ltr'><strong>non</strong></span> <span class='ocrx_word' id='word_1_288' title='bbox 2719 1672 2843 1713; x_wconf 87' lang='lat' dir='ltr'><strong>posse</strong></span> 
     </span>
     <span class='ocr_line' id='line_1_27' title="bbox 673 1714 1006 1768; baseline -0.006 -10"><span class='ocrx_word' id='word_1_289' title='bbox 673 1729 757 1758; x_wconf 90' lang='lat' dir='ltr'><strong>non</strong></span> <span class='ocrx_word' id='word_1_290' title='bbox 788 1714 1006 1768; x_wconf 82' lang='lat' dir='ltr'><strong>adgnosci.</strong></span> 
     </span>
     <span class='ocr_line' id='line_1_28' title="bbox 268 1772 2057 1831; baseline -0.002 -11"><span class='ocrx_word' id='word_1_291' title='bbox 268 1777 358 1820; x_wconf 83' lang='lat' dir='ltr'><strong>Hoc</strong></span> <span class='ocrx_word' id='word_1_292' title='bbox 391 1781 544 1831; x_wconf 88' lang='lat' dir='ltr'><strong>quarto</strong></span> <span class='ocrx_word' id='word_1_293' title='bbox 575 1779 828 1830; x_wconf 87' lang='lat' dir='ltr'><strong>argumento</strong></span> <span class='ocrx_word' id='word_1_294' title='bbox 859 1773 1012 1815; x_wconf 89' lang='lat' dir='ltr'><strong>nititur</strong></span> <span class='ocrx_word' id='word_1_295' title='bbox 1043 1774 1168 1827; x_wconf 85' lang='lat' dir='ltr'><strong>quasi</strong></span> <span class='ocrx_word' id='word_1_296' title='bbox 1200 1773 1477 1816; x_wconf 83' lang='lat' dir='ltr'><strong>fundamento</strong></span> <span class='ocrx_word' id='word_1_297' title='bbox 1509 1778 1600 1816; x_wconf 89' lang='lat' dir='ltr'><strong>tota</strong></span> <span class='ocrx_word' id='word_1_298' title='bbox 1631 1778 1777 1816; x_wconf 83' lang='lat' dir='ltr'><strong>nostra</strong></span> <span class='ocrx_word' id='word_1_299' title='bbox 1808 1772 2057 1829; x_wconf 87' lang='lat' dir='ltr'><strong>disputatio.</strong></span> 
     </span>
    </p>

    <p class='ocr_par' dir='ltr' id='par_1_8' title="bbox 265 1833 2843 2241">
     <span class='ocr_line' id='line_1_29' title="bbox 391 1833 2843 1888; baseline 0.001 -12"><span class='ocrx_word' id='word_1_300' title='bbox 391 1839 530 1885; x_wconf 77' lang='lat' dir='ltr'><strong>Quum</strong></span> <span class='ocrx_word' id='word_1_301' title='bbox 561 1847 702 1887; x_wconf 91' lang='lat' dir='ltr'><strong>neque</strong></span> <span class='ocrx_word' id='word_1_302' title='bbox 733 1835 922 1888; x_wconf 88' lang='lat' dir='ltr'><strong>priorum</strong></span> <span class='ocrx_word' id='word_1_303' title='bbox 954 1833 1117 1886; x_wconf 85' lang='lat' dir='ltr'><strong>dialogi</strong></span> <span class='ocrx_word' id='word_1_304' title='bbox 1150 1834 1361 1876; x_wconf 86' lang='lat' dir='ltr'><strong>editorum</strong></span> <span class='ocrx_word' id='word_1_305' title='bbox 1392 1847 1468 1877; x_wconf 86' lang='lat' dir='ltr'><strong>sex</strong></span> <span class='ocrx_word' id='word_1_306' title='bbox 1499 1839 1719 1887; x_wconf 91' lang='lat' dir='ltr'><strong>septemve</strong></span> <span class='ocrx_word' id='word_1_307' title='bbox 1750 1833 1960 1887; x_wconf 82' lang='lat' dir='ltr'><strong>exemplis</strong></span> <span class='ocrx_word' id='word_1_308' title='bbox 1991 1839 2067 1876; x_wconf 89' lang='lat' dir='ltr'><strong>aut</strong></span> <span class='ocrx_word' id='word_1_309' title='bbox 2089 1835 2241 1878; x_wconf 88' lang='lat' dir='ltr'><strong>Tacito</strong></span> <span class='ocrx_word' id='word_1_310' title='bbox 2271 1835 2483 1879; x_wconf 87' lang='lat' dir='ltr'><strong>similibus</strong></span> <span class='ocrx_word' id='word_1_311' title='bbox 2513 1841 2590 1878; x_wconf 89' lang='lat' dir='ltr'><strong>aut</strong></span> <span class='ocrx_word' id='word_1_312' title='bbox 2620 1835 2843 1878; x_wconf 88' lang='lat' dir='ltr'><strong>contrariis</strong></span> 
     </span>
     <span class='ocr_line' id='line_1_30' title="bbox 269 1890 2842 1950; baseline 0.001 -15"><span class='ocrx_word' id='word_1_313' title='bbox 269 1893 505 1948; x_wconf 83' lang='lat' dir='ltr'><strong>quidquam</strong></span> <span class='ocrx_word' id='word_1_314' title='bbox 536 1892 641 1936; x_wconf 88' lang='lat' dir='ltr'><strong>certi</strong></span> <span class='ocrx_word' id='word_1_315' title='bbox 674 1892 873 1935; x_wconf 85' lang='lat' dir='ltr'><strong>effectum</strong></span> <span class='ocrx_word' id='word_1_316' title='bbox 905 1905 1015 1945; x_wconf 90' lang='lat' dir='ltr'><strong>esse,</strong></span> <span class='ocrx_word' id='word_1_317' title='bbox 1049 1897 1091 1934; x_wconf 93' lang='lat' dir='ltr'><strong>et</strong></span> <span class='ocrx_word' id='word_1_318' title='bbox 1121 1890 1292 1935; x_wconf 90' lang='lat' dir='ltr'><strong>modica</strong></span> <span class='ocrx_word' id='word_1_319' title='bbox 1321 1890 1560 1936; x_wconf 86' lang='lat' dir='ltr'><strong>Ecksteinii</strong></span> <span class='ocrx_word' id='word_1_320' title='bbox 1591 1891 1895 1935; x_wconf 88' lang='lat' dir='ltr'><strong>vocabulorum</strong></span> <span class='ocrx_word' id='word_1_321' title='bbox 1932 1891 2194 1938; x_wconf 86' lang='lat' dir='ltr'><strong>conlectione</strong></span> <span class='ocrx_word' id='word_1_322' title='bbox 2235 1891 2328 1950; x_wconf 86' lang='lat' dir='ltr'><strong>(cfr.</strong></span> <span class='ocrx_word' id='word_1_323' title='bbox 2359 1908 2401 1949; x_wconf 86' lang='lat' dir='ltr'><strong>p.</strong></span> <span class='ocrx_word' id='word_1_324' title='bbox 2433 1893 2608 1937; x_wconf 80' lang='lat'>80—83</span> <span class='ocrx_word' id='word_1_325' title='bbox 2641 1893 2842 1948; x_wconf 82' lang='lat' dir='ltr'><strong>egregiae</strong></span> 
     </span>
     <span class='ocr_line' id='line_1_31' title="bbox 266 1949 2843 2009; baseline -0 -14"><span class='ocrx_word' id='word_1_326' title='bbox 266 1952 602 2009; x_wconf 88' lang='lat' dir='ltr'><strong>dissertationis)</strong></span> <span class='ocrx_word' id='word_1_327' title='bbox 634 1957 675 1995; x_wconf 90' lang='lat' dir='ltr'><strong>et</strong></span> <span class='ocrx_word' id='word_1_328' title='bbox 709 1952 804 1995; x_wconf 85' lang='lat' dir='ltr'><strong>Car.</strong></span> <span class='ocrx_word' id='word_1_329' title='bbox 837 1950 1001 1994; x_wconf 91' lang='lat' dir='ltr'><strong>Theod.</strong></span> <span class='ocrx_word' id='word_1_330' title='bbox 1033 1951 1201 1994; x_wconf 88' lang='lat' dir='ltr'><strong>Pabstii</strong></span> <span class='ocrx_word' id='word_1_331' title='bbox 1217 1950 1254 2008; x_wconf 87' lang='lat'><strong>²)</strong></span> <span class='ocrx_word' id='word_1_332' title='bbox 1287 1951 1414 1995; x_wconf 88' lang='lat' dir='ltr'><strong>docta</strong></span> <span class='ocrx_word' id='word_1_333' title='bbox 1446 1951 1633 1994; x_wconf 89' lang='lat' dir='ltr'><strong>editione</strong></span> <span class='ocrx_word' id='word_1_334' title='bbox 1665 1949 1801 2007; x_wconf 87' lang='lat' dir='ltr'><strong>(Lips.</strong></span> <span class='ocrx_word' id='word_1_335' title='bbox 1836 1949 1983 2008; x_wconf 89' lang='lat'><strong>1841),</strong></span> <span class='ocrx_word' id='word_1_336' title='bbox 2017 1964 2103 2006; x_wconf 89' lang='lat' dir='ltr'><strong>qua</strong></span> <span class='ocrx_word' id='word_1_337' title='bbox 2143 1952 2275 1995; x_wconf 90' lang='lat' dir='ltr'><strong>etiam</strong></span> <span class='ocrx_word' id='word_1_338' title='bbox 2305 1952 2612 1997; x_wconf 90' lang='lat' dir='ltr'><strong>rhetoricorum</strong></span> <span class='ocrx_word' id='word_1_339' title='bbox 2642 1952 2843 2008; x_wconf 87' lang='lat' dir='ltr'><strong>exempla</strong></span> 
     </span>
     <span class='ocr_line' id='line_1_32' title="bbox 265 2009 2839 2066; baseline 0 -14"><span class='ocrx_word' id='word_1_340' title='bbox 265 2011 497 2066; x_wconf 86' lang='lat' dir='ltr'><strong>diligenter</strong></span> <span class='ocrx_word' id='word_1_341' title='bbox 527 2016 681 2054; x_wconf 90' lang='lat' dir='ltr'><strong>notata</strong></span> <span class='ocrx_word' id='word_1_342' title='bbox 711 2016 825 2064; x_wconf 89' lang='lat' dir='ltr'><strong>sunt,</strong></span> <span class='ocrx_word' id='word_1_343' title='bbox 858 2022 947 2051; x_wconf 90' lang='lat' dir='ltr'><strong>rem</strong></span> <span class='ocrx_word' id='word_1_344' title='bbox 978 2014 1147 2052; x_wconf 87' lang='lat' dir='ltr'><strong>tantum</strong></span> <span class='ocrx_word' id='word_1_345' title='bbox 1178 2009 1422 2053; x_wconf 86' lang='lat' dir='ltr'><strong>incohatam</strong></span> <span class='ocrx_word' id='word_1_346' title='bbox 1454 2010 1762 2064; x_wconf 90' lang='lat' dir='ltr'><strong>intellegerem,</strong></span> <span class='ocrx_word' id='word_1_347' title='bbox 1811 2009 2001 2052; x_wconf 90' lang='lat' dir='ltr'><strong>animum</strong></span> <span class='ocrx_word' id='word_1_348' title='bbox 2040 2010 2192 2053; x_wconf 81' lang='lat' dir='ltr'><strong>induxi</strong></span> <span class='ocrx_word' id='word_1_349' title='bbox 2234 2025 2329 2054; x_wconf 91' lang='lat' dir='ltr'><strong>eam</strong></span> <span class='ocrx_word' id='word_1_350' title='bbox 2373 2023 2485 2066; x_wconf 91' lang='lat' dir='ltr'><strong>quae</strong></span> <span class='ocrx_word' id='word_1_351' title='bbox 2515 2024 2603 2053; x_wconf 90' lang='lat' dir='ltr'><strong>una</strong></span> <span class='ocrx_word' id='word_1_352' title='bbox 2632 2010 2738 2053; x_wconf 90' lang='lat' dir='ltr'><strong>mihi</strong></span> <span class='ocrx_word' id='word_1_353' title='bbox 2767 2024 2839 2066; x_wconf 90' lang='lat' dir='ltr'><strong>pa-</strong></span> 
     </span>
     <span class='ocr_line' id='line_1_33' title="bbox 265 2069 2842 2126; baseline -0 -13"><span class='ocrx_word' id='word_1_354' title='bbox 265 2077 358 2113; x_wconf 84' lang='lat' dir='ltr'><strong>tere</strong></span> <span class='ocrx_word' id='word_1_355' title='bbox 389 2069 620 2112; x_wconf 90' lang='lat' dir='ltr'><strong>videbatur</strong></span> <span class='ocrx_word' id='word_1_356' title='bbox 650 2070 779 2123; x_wconf 88' lang='lat' dir='ltr'><strong>viam,</strong></span> <span class='ocrx_word' id='word_1_357' title='bbox 812 2081 918 2112; x_wconf 86' lang='lat' dir='ltr'><strong>sane</strong></span> <span class='ocrx_word' id='word_1_358' title='bbox 948 2069 1120 2122; x_wconf 86' lang='lat' dir='ltr'><strong>plenam</strong></span> <span class='ocrx_word' id='word_1_359' title='bbox 1152 2069 1363 2123; x_wconf 86' lang='lat' dir='ltr'><strong>laborum,</strong></span> <span class='ocrx_word' id='word_1_360' title='bbox 1397 2069 1566 2123; x_wconf 87' lang='lat' dir='ltr'><strong>ingredi</strong></span> <span class='ocrx_word' id='word_1_361' title='bbox 1598 2074 1659 2122; x_wconf 88' lang='lat' dir='ltr'><strong>ut,</strong></span> <span class='ocrx_word' id='word_1_362' title='bbox 1692 2069 1729 2111; x_wconf 88' lang='lat' dir='ltr'><strong>si</strong></span> <span class='ocrx_word' id='word_1_363' title='bbox 1761 2069 1867 2112; x_wconf 86' lang='lat' dir='ltr'><strong>meis</strong></span> <span class='ocrx_word' id='word_1_364' title='bbox 1904 2069 2069 2113; x_wconf 88' lang='lat' dir='ltr'><strong>viribus</strong></span> <span class='ocrx_word' id='word_1_365' title='bbox 2111 2070 2201 2112; x_wconf 84' lang='lat' dir='ltr'><strong>fieri</strong></span> <span class='ocrx_word' id='word_1_366' title='bbox 2242 2071 2390 2126; x_wconf 85' lang='lat' dir='ltr'><strong>possit,</strong></span> <span class='ocrx_word' id='word_1_367' title='bbox 2434 2082 2502 2113; x_wconf 88' lang='lat' dir='ltr'><strong>res</strong></span> <span class='ocrx_word' id='word_1_368' title='bbox 2544 2070 2588 2112; x_wconf 92' lang='lat' dir='ltr'><strong>in</strong></span> <span class='ocrx_word' id='word_1_369' title='bbox 2623 2069 2842 2113; x_wconf 91' lang='lat' dir='ltr'><strong>meliorem</strong></span> 
     </span>
     <span class='ocr_line' id='line_1_34' title="bbox 266 2125 2842 2183; baseline 0 -12"><span class='ocrx_word' id='word_1_370' title='bbox 266 2129 577 2182; x_wconf 82' lang='lat' dir='ltr'><strong>certioremque</strong></span> <span class='ocrx_word' id='word_1_371' title='bbox 628 2132 790 2171; x_wconf 86' lang='lat' dir='ltr'><strong>statum</strong></span> <span class='ocrx_word' id='word_1_372' title='bbox 840 2126 1113 2183; x_wconf 85' lang='lat' dir='ltr'><strong>provehatur.</strong></span> <span class='ocrx_word' id='word_1_373' title='bbox 1174 2127 1392 2171; x_wconf 88' lang='lat' dir='ltr'><strong>Accurata</strong></span> <span class='ocrx_word' id='word_1_374' title='bbox 1432 2127 1564 2182; x_wconf 85' lang='lat' dir='ltr'><strong>igitur</strong></span> <span class='ocrx_word' id='word_1_375' title='bbox 1604 2125 1788 2170; x_wconf 89' lang='lat' dir='ltr'><strong>lectione</strong></span> <span class='ocrx_word' id='word_1_376' title='bbox 1830 2132 1872 2169; x_wconf 92' lang='lat' dir='ltr'><strong>et</strong></span> <span class='ocrx_word' id='word_1_377' title='bbox 1913 2127 2002 2170; x_wconf 87' lang='lat' dir='ltr'><strong>acri</strong></span> <span class='ocrx_word' id='word_1_378' title='bbox 2043 2127 2270 2183; x_wconf 87' lang='lat' dir='ltr'><strong>diligentia</strong></span> <span class='ocrx_word' id='word_1_379' title='bbox 2314 2128 2586 2183; x_wconf 83' lang='lat' dir='ltr'><strong>investigavi,</strong></span> <span class='ocrx_word' id='word_1_380' title='bbox 2631 2132 2842 2183; x_wconf 86' lang='lat' dir='ltr'><strong>quatenus</strong></span> 
     </span>
     <span class='ocr_line' id='line_1_35' title="bbox 266 2186 2487 2241; baseline 0 -14"><span class='ocrx_word' id='word_1_381' title='bbox 266 2187 428 2241; x_wconf 86' lang='lat' dir='ltr'><strong>dialogi</strong></span> <span class='ocrx_word' id='word_1_382' title='bbox 459 2200 530 2229; x_wconf 90' lang='lat' dir='ltr'><strong>ars</strong></span> <span class='ocrx_word' id='word_1_383' title='bbox 563 2192 604 2229; x_wconf 91' lang='lat' dir='ltr'><strong>et</strong></span> <span class='ocrx_word' id='word_1_384' title='bbox 636 2198 775 2229; x_wconf 89' lang='lat' dir='ltr'><strong>sermo</strong></span> <span class='ocrx_word' id='word_1_385' title='bbox 806 2186 978 2228; x_wconf 90' lang='lat' dir='ltr'><strong>omnino</strong></span> <span class='ocrx_word' id='word_1_386' title='bbox 1009 2198 1104 2228; x_wconf 91' lang='lat' dir='ltr'><strong>cum</strong></span> <span class='ocrx_word' id='word_1_387' title='bbox 1137 2187 1364 2228; x_wconf 87' lang='lat' dir='ltr'><strong>Tacitinae</strong></span> <span class='ocrx_word' id='word_1_388' title='bbox 1395 2187 1597 2228; x_wconf 89' lang='lat' dir='ltr'><strong>orationis</strong></span> <span class='ocrx_word' id='word_1_389' title='bbox 1629 2197 1785 2239; x_wconf 86' lang='lat' dir='ltr'><strong>genere</strong></span> <span class='ocrx_word' id='word_1_390' title='bbox 1818 2186 2098 2229; x_wconf 88' lang='lat' dir='ltr'><strong>consentiant.</strong></span> <span class='ocrx_word' id='word_1_391' title='bbox 2481 2237 2487 2241; x_wconf 82' lang='lat'><strong>.</strong></span> 
     </span>
    </p>

    <p class='ocr_par' dir='ltr' id='par_1_9' title="bbox 266 2243 2842 2360">
     <span class='ocr_line' id='line_1_36' title="bbox 387 2243 2842 2300; baseline -0 -13"><span class='ocrx_word' id='word_1_392' title='bbox 387 2247 538 2300; x_wconf 80' lang='lat' dir='ltr'><strong>Neque</strong></span> <span class='ocrx_word' id='word_1_393' title='bbox 570 2246 685 2287; x_wconf 86' lang='lat' dir='ltr'><strong>enim</strong></span> <span class='ocrx_word' id='word_1_394' title='bbox 717 2251 782 2288; x_wconf 89' lang='lat' dir='ltr'><strong>est</strong></span> <span class='ocrx_word' id='word_1_395' title='bbox 813 2245 1005 2300; x_wconf 84' lang='lat' dir='ltr'><strong>profecto</strong></span> <span class='ocrx_word' id='word_1_396' title='bbox 1037 2245 1161 2299; x_wconf 87' lang='lat' dir='ltr'><strong>tanti,</strong></span> <span class='ocrx_word' id='word_1_397' title='bbox 1196 2258 1337 2300; x_wconf 87' lang='lat' dir='ltr'><strong>pauca</strong></span> <span class='ocrx_word' id='word_1_398' title='bbox 1359 2245 1430 2287; x_wconf 86' lang='lat' dir='ltr'><strong>vel</strong></span> <span class='ocrx_word' id='word_1_399' title='bbox 1461 2244 1688 2287; x_wconf 90' lang='lat' dir='ltr'><strong>dissimilia</strong></span> <span class='ocrx_word' id='word_1_400' title='bbox 1718 2243 1787 2285; x_wconf 82' lang='lat' dir='ltr'><strong>vel</strong></span> <span class='ocrx_word' id='word_1_401' title='bbox 1819 2244 1977 2286; x_wconf 89' lang='lat' dir='ltr'><strong>similia</strong></span> <span class='ocrx_word' id='word_1_402' title='bbox 2010 2244 2370 2300; x_wconf 87' lang='lat' dir='ltr'><strong>deprehendisse:</strong></span> <span class='ocrx_word' id='word_1_403' title='bbox 2402 2251 2540 2288; x_wconf 86' lang='lat' dir='ltr'><strong>totum</strong></span> <span class='ocrx_word' id='word_1_404' title='bbox 2572 2259 2709 2300; x_wconf 87' lang='lat' dir='ltr'><strong>genus</strong></span> <span class='ocrx_word' id='word_1_405' title='bbox 2740 2244 2842 2287; x_wconf 91' lang='lat' dir='ltr'><strong>mihi</strong></span> 
     </span>
     <span class='ocr_line' id='line_1_37' title="bbox 266 2304 899 2360; baseline -0.002 -13"><span class='ocrx_word' id='word_1_406' title='bbox 266 2304 621 2360; x_wconf 84' lang='lat' dir='ltr'><strong>perscrutandum</strong></span> <span class='ocrx_word' id='word_1_407' title='bbox 651 2305 791 2348; x_wconf 84' lang='lat' dir='ltr'><strong>visum</strong></span> <span class='ocrx_word' id='word_1_408' title='bbox 822 2309 899 2347; x_wconf 89' lang='lat' dir='ltr'><strong>est.</strong></span> 
     </span>
    </p>

    <p class='ocr_par' dir='ltr' id='par_1_10' title="bbox 265 2360 2842 2771">
     <span class='ocr_line' id='line_1_38' title="bbox 388 2360 2842 2421; baseline 0 -14"><span class='ocrx_word' id='word_1_409' title='bbox 388 2364 571 2418; x_wconf 85' lang='lat' dir='ltr'><strong>Singula</strong></span> <span class='ocrx_word' id='word_1_410' title='bbox 603 2362 791 2418; x_wconf 90' lang='lat' dir='ltr'><strong>quidem,</strong></span> <span class='ocrx_word' id='word_1_411' title='bbox 825 2363 956 2406; x_wconf 87' lang='lat' dir='ltr'><strong>etiam</strong></span> <span class='ocrx_word' id='word_1_412' title='bbox 989 2377 1100 2417; x_wconf 87' lang='lat' dir='ltr'><strong>quac</strong></span> <span class='ocrx_word' id='word_1_413' title='bbox 1132 2363 1349 2407; x_wconf 84' lang='lat' dir='ltr'><strong>levissima</strong></span> <span class='ocrx_word' id='word_1_414' title='bbox 1387 2362 1660 2417; x_wconf 83' lang='lat' dir='ltr'><strong>videbantur,</strong></span> <span class='ocrx_word' id='word_1_415' title='bbox 1693 2360 1956 2418; x_wconf 85' lang='lat' dir='ltr'><strong>adnotanda,</strong></span> <span class='ocrx_word' id='word_1_416' title='bbox 1996 2361 2268 2408; x_wconf 81' lang='lat' dir='ltr'><strong>diversitates</strong></span> <span class='ocrx_word' id='word_1_417' title='bbox 2313 2363 2499 2419; x_wconf 90' lang='lat' dir='ltr'><strong>ingenue</strong></span> <span class='ocrx_word' id='word_1_418' title='bbox 2535 2365 2581 2408; x_wconf 92' lang='lat' dir='ltr'><strong>in</strong></span> <span class='ocrx_word' id='word_1_419' title='bbox 2623 2363 2842 2421; x_wconf 89' lang='lat' dir='ltr'><strong>publicum</strong></span> 
     </span>
     <span class='ocr_line' id='line_1_39' title="bbox 268 2422 2841 2480; baseline -0 -14"><span class='ocrx_word' id='word_1_420' title='bbox 268 2423 547 2480; x_wconf 84' lang='lat' dir='ltr'><strong>proferendas</strong></span> <span class='ocrx_word' id='word_1_421' title='bbox 580 2428 623 2466; x_wconf 89' lang='lat' dir='ltr'><strong>et</strong></span> <span class='ocrx_word' id='word_1_422' title='bbox 656 2428 863 2478; x_wconf 88' lang='lat' dir='ltr'><strong>quantum</strong></span> <span class='ocrx_word' id='word_1_423' title='bbox 894 2422 984 2465; x_wconf 87' lang='lat' dir='ltr'><strong>fieri</strong></span> <span class='ocrx_word' id='word_1_424' title='bbox 1016 2427 1159 2478; x_wconf 89' lang='lat' dir='ltr'><strong>potest</strong></span> <span class='ocrx_word' id='word_1_425' title='bbox 1190 2422 1474 2477; x_wconf 76' lang='lat' dir='ltr'><strong>excusandas,</strong></span> <span class='ocrx_word' id='word_1_426' title='bbox 1507 2422 1693 2465; x_wconf 82' lang='lat' dir='ltr'><strong>maxime</strong></span> <span class='ocrx_word' id='word_1_427' title='bbox 1725 2434 1826 2464; x_wconf 82' lang='lat' dir='ltr'><strong>vcro</strong></span> <span class='ocrx_word' id='word_1_428' title='bbox 1858 2422 2057 2465; x_wconf 90' lang='lat' dir='ltr'><strong>Tacitina</strong></span> <span class='ocrx_word' id='word_1_429' title='bbox 2086 2422 2274 2477; x_wconf 88' lang='lat' dir='ltr'><strong>vestigia</strong></span> <span class='ocrx_word' id='word_1_430' title='bbox 2305 2437 2417 2478; x_wconf 91' lang='lat' dir='ltr'><strong>quae</strong></span> <span class='ocrx_word' id='word_1_431' title='bbox 2448 2423 2711 2469; x_wconf 88' lang='lat' dir='ltr'><strong>desideravit</strong></span> <span class='ocrx_word' id='word_1_432' title='bbox 2741 2423 2841 2479; x_wconf 89' lang='lat' dir='ltr'><strong>Lip-</strong></span> 
     </span>
     <span class='ocr_line' id='line_1_40' title="bbox 266 2481 2841 2539; baseline -0.001 -14"><span class='ocrx_word' id='word_1_433' title='bbox 266 2483 356 2525; x_wconf 81' lang='lat' dir='ltr'><strong>sius</strong></span> <span class='ocrx_word' id='word_1_434' title='bbox 389 2481 621 2524; x_wconf 88' lang='lat' dir='ltr'><strong>indicanda</strong></span> <span class='ocrx_word' id='word_1_435' title='bbox 653 2487 695 2524; x_wconf 92' lang='lat' dir='ltr'><strong>et</strong></span> <span class='ocrx_word' id='word_1_436' title='bbox 732 2482 778 2524; x_wconf 92' lang='lat' dir='ltr'><strong>in</strong></span> <span class='ocrx_word' id='word_1_437' title='bbox 807 2481 1014 2537; x_wconf 86' lang='lat' dir='ltr'><strong>scriptore</strong></span> <span class='ocrx_word' id='word_1_438' title='bbox 1045 2495 1218 2537; x_wconf 90' lang='lat' dir='ltr'><strong>prorsus</strong></span> <span class='ocrx_word' id='word_1_439' title='bbox 1250 2487 1454 2525; x_wconf 87' lang='lat' dir='ltr'><strong>novatore</strong></span> <span class='ocrx_word' id='word_1_440' title='bbox 1486 2486 1529 2524; x_wconf 89' lang='lat' dir='ltr'><strong>et</strong></span> <span class='ocrx_word' id='word_1_441' title='bbox 1561 2481 1720 2534; x_wconf 87' lang='lat' dir='ltr'><strong>ubique</strong></span> <span class='ocrx_word' id='word_1_442' title='bbox 1761 2481 1848 2522; x_wconf 88' lang='lat' dir='ltr'><strong>fere</strong></span> <span class='ocrx_word' id='word_1_443' title='bbox 1889 2481 1945 2539; x_wconf 86' lang='lat' dir='ltr'><strong>ab</strong></span> <span class='ocrx_word' id='word_1_444' title='bbox 1989 2494 2068 2525; x_wconf 92' lang='lat' dir='ltr'><strong>usu</strong></span> <span class='ocrx_word' id='word_1_445' title='bbox 2109 2481 2279 2536; x_wconf 87' lang='lat' dir='ltr'><strong>vulgari</strong></span> <span class='ocrx_word' id='word_1_446' title='bbox 2319 2482 2546 2526; x_wconf 89' lang='lat' dir='ltr'><strong>recedente</strong></span> <span class='ocrx_word' id='word_1_447' title='bbox 2589 2495 2841 2526; x_wconf 90' lang='lat' dir='ltr'><strong>consensum</strong></span> 
     </span>
     <span class='ocr_line' id='line_1_41' title="bbox 266 2540 2841 2597; baseline -0 -13"><span class='ocrx_word' id='word_1_448' title='bbox 266 2542 336 2586; x_wconf 75' lang='lat' dir='ltr'><strong>,vel</strong></span> <span class='ocrx_word' id='word_1_449' title='bbox 367 2542 410 2584; x_wconf 91' lang='lat' dir='ltr'><strong>in</strong></span> <span class='ocrx_word' id='word_1_450' title='bbox 442 2541 628 2584; x_wconf 89' lang='lat' dir='ltr'><strong>minimis</strong></span> <span class='ocrx_word' id='word_1_451' title='bbox 658 2542 785 2584; x_wconf 88' lang='lat' dir='ltr'><strong>rebus</strong></span> <span class='ocrx_word' id='word_1_452' title='bbox 823 2540 1201 2583; x_wconf 85' lang='lat' dir='ltr'><strong>demonstrandum</strong></span> <span class='ocrx_word' id='word_1_453' title='bbox 1245 2555 1339 2585; x_wconf 89' lang='lat' dir='ltr'><strong>esse</strong></span> <span class='ocrx_word' id='word_1_454' title='bbox 1369 2541 1533 2595; x_wconf 81' lang='lat' dir='ltr'><strong>putavi.</strong></span> <span class='ocrx_word' id='word_1_455' title='bbox 1596 2541 1746 2592; x_wconf 82' lang='lat' dir='ltr'><strong>Neque</strong></span> <span class='ocrx_word' id='word_1_456' title='bbox 1776 2554 1852 2583; x_wconf 89' lang='lat' dir='ltr'><strong>nos</strong></span> <span class='ocrx_word' id='word_1_457' title='bbox 1884 2540 2034 2583; x_wconf 90' lang='lat' dir='ltr'><strong>terruit</strong></span> <span class='ocrx_word' id='word_1_458' title='bbox 2064 2540 2303 2584; x_wconf 89' lang='lat' dir='ltr'><strong>Ecksteinii</strong></span> <span class='ocrx_word' id='word_1_459' title='bbox 2332 2543 2562 2597; x_wconf 91' lang='lat' dir='ltr'><strong>sententia,</strong></span> <span class='ocrx_word' id='word_1_460' title='bbox 2594 2540 2841 2584; x_wconf 74' lang='lat' dir='ltr'><strong>totum&#39;hoc</strong></span> 
     </span>
     <span class='ocr_line' id='line_1_42' title="bbox 265 2598 2840 2654; baseline 0 -12"><span class='ocrx_word' id='word_1_461' title='bbox 265 2606 568 2654; x_wconf 83' lang='lat' dir='ltr'><strong>argumentum</strong></span> <span class='ocrx_word' id='word_1_462' title='bbox 598 2598 722 2642; x_wconf 91' lang='lat' dir='ltr'><strong>nihili</strong></span> <span class='ocrx_word' id='word_1_463' title='bbox 754 2612 863 2653; x_wconf 90' lang='lat' dir='ltr'><strong>esse,</strong></span> <span class='ocrx_word' id='word_1_464' title='bbox 896 2598 1003 2641; x_wconf 89' lang='lat' dir='ltr'><strong>nihil</strong></span> <span class='ocrx_word' id='word_1_465' title='bbox 1037 2613 1090 2641; x_wconf 84' lang='lat' dir='ltr'><strong>ex</strong></span> <span class='ocrx_word' id='word_1_466' title='bbox 1122 2599 1305 2653; x_wconf 86' lang='lat' dir='ltr'><strong>singulis</strong></span> <span class='ocrx_word' id='word_1_467' title='bbox 1336 2599 1445 2642; x_wconf 87' lang='lat' dir='ltr'><strong>effici</strong></span> <span class='ocrx_word' id='word_1_468' title='bbox 1467 2612 1593 2654; x_wconf 87' lang='lat' dir='ltr'><strong>posse</strong></span> <span class='ocrx_word' id='word_1_469' title='bbox 1625 2598 1669 2640; x_wconf 92' lang='lat' dir='ltr'><strong>in</strong></span> <span class='ocrx_word' id='word_1_470' title='bbox 1700 2602 1823 2641; x_wconf 87' lang='lat' dir='ltr'><strong>tanta</strong></span> <span class='ocrx_word' id='word_1_471' title='bbox 1853 2598 1985 2642; x_wconf 89' lang='lat' dir='ltr'><strong>totius</strong></span> <span class='ocrx_word' id='word_1_472' title='bbox 2016 2598 2178 2642; x_wconf 83' lang='lat' dir='ltr'><strong>formae</strong></span> <span class='ocrx_word' id='word_1_473' title='bbox 2209 2598 2483 2644; x_wconf 89' lang='lat' dir='ltr'><strong>diversitate:</strong></span> <span class='ocrx_word' id='word_1_474' title='bbox 2525 2599 2645 2644; x_wconf 91' lang='lat' dir='ltr'><strong>haud</strong></span> <span class='ocrx_word' id='word_1_475' title='bbox 2677 2599 2840 2654; x_wconf 88' lang='lat' dir='ltr'><strong>ignoro,</strong></span> 
     </span>
     <span class='ocr_line' id='line_1_43' title="bbox 265 2657 2840 2714; baseline -0 -14"><span class='ocrx_word' id='word_1_476' title='bbox 265 2673 319 2700; x_wconf 89' lang='lat' dir='ltr'><strong>ex</strong></span> <span class='ocrx_word' id='word_1_477' title='bbox 351 2658 532 2712; x_wconf 86' lang='lat' dir='ltr'><strong>singulis</strong></span> <span class='ocrx_word' id='word_1_478' title='bbox 564 2658 721 2712; x_wconf 91' lang='lat' dir='ltr'><strong>verbis,</strong></span> <span class='ocrx_word' id='word_1_479' title='bbox 744 2658 948 2711; x_wconf 85' lang='lat' dir='ltr'><strong>formulis,</strong></span> <span class='ocrx_word' id='word_1_480' title='bbox 972 2657 1197 2700; x_wconf 86' lang='lat' dir='ltr'><strong>structuris</strong></span> <span class='ocrx_word' id='word_1_481' title='bbox 1228 2658 1333 2700; x_wconf 89' lang='lat' dir='ltr'><strong>nihil</strong></span> <span class='ocrx_word' id='word_1_482' title='bbox 1365 2658 1552 2712; x_wconf 88' lang='lat' dir='ltr'><strong>probari,</strong></span> <span class='ocrx_word' id='word_1_483' title='bbox 1585 2669 1703 2710; x_wconf 89' lang='lat' dir='ltr'><strong>saue,</strong></span> <span class='ocrx_word' id='word_1_484' title='bbox 1735 2657 1772 2698; x_wconf 88' lang='lat' dir='ltr'><strong>si</strong></span> <span class='ocrx_word' id='word_1_485' title='bbox 1802 2657 1972 2711; x_wconf 86' lang='lat' dir='ltr'><strong>singula</strong></span> <span class='ocrx_word' id='word_1_486' title='bbox 2003 2662 2279 2712; x_wconf 87' lang='lat' dir='ltr'><strong>reputantur:</strong></span> <span class='ocrx_word' id='word_1_487' title='bbox 2310 2663 2356 2701; x_wconf 92' lang='lat' dir='ltr'><strong>at</strong></span> <span class='ocrx_word' id='word_1_488' title='bbox 2387 2659 2425 2702; x_wconf 92' lang='lat' dir='ltr'><strong>si</strong></span> <span class='ocrx_word' id='word_1_489' title='bbox 2456 2659 2718 2714; x_wconf 88' lang='lat' dir='ltr'><strong>conspirant,</strong></span> <span class='ocrx_word' id='word_1_490' title='bbox 2750 2670 2840 2699; x_wconf 87' lang='lat' dir='ltr'><strong>sae·</strong></span> 
     </span>
     <span class='ocr_line' id='line_1_44' title="bbox 266 2715 1134 2771; baseline 0 -14"><span class='ocrx_word' id='word_1_491' title='bbox 266 2717 439 2771; x_wconf 81' lang='lat' dir='ltr'><strong>pissime</strong></span> <span class='ocrx_word' id='word_1_492' title='bbox 472 2716 704 2759; x_wconf 89' lang='lat' dir='ltr'><strong>multitudo</strong></span> <span class='ocrx_word' id='word_1_493' title='bbox 735 2715 849 2758; x_wconf 88' lang='lat' dir='ltr'><strong>cedit</strong></span> <span class='ocrx_word' id='word_1_494' title='bbox 880 2717 925 2758; x_wconf 92' lang='lat' dir='ltr'><strong>in</strong></span> <span class='ocrx_word' id='word_1_495' title='bbox 954 2715 1134 2771; x_wconf 83' lang='lat' dir='ltr'><strong>pondus.</strong></span> 
     </span>
    </p>

    <p class='ocr_par' dir='ltr' id='par_1_11' title="bbox 257 2774 2841 2946">
     <span class='ocr_line' id='line_1_45' title="bbox 386 2774 2840 2831; baseline 0 -15"><span class='ocrx_word' id='word_1_496' title='bbox 386 2776 476 2817; x_wconf 87' lang='lat' dir='ltr'><strong>Hoc</strong></span> <span class='ocrx_word' id='word_1_497' title='bbox 507 2789 602 2818; x_wconf 89' lang='lat' dir='ltr'><strong>meo</strong></span> <span class='ocrx_word' id='word_1_498' title='bbox 633 2776 891 2817; x_wconf 73' lang='lat' dir='ltr'><strong>Latinitatis</strong></span> <span class='ocrx_word' id='word_1_499' title='bbox 924 2776 1063 2816; x_wconf 74' lang='lat' dir='ltr'><strong>indice</strong></span> <span class='ocrx_word' id='word_1_500' title='bbox 1101 2775 1305 2827; x_wconf 82' lang='lat' dir='ltr'><strong>confecto,</strong></span> <span class='ocrx_word' id='word_1_501' title='bbox 1339 2775 1443 2817; x_wconf 89' lang='lat' dir='ltr'><strong>mihi</strong></span> <span class='ocrx_word' id='word_1_502' title='bbox 1477 2774 1649 2828; x_wconf 89' lang='lat' dir='ltr'><strong>quidem</strong></span> <span class='ocrx_word' id='word_1_503' title='bbox 1682 2775 1933 2828; x_wconf 85' lang='lat' dir='ltr'><strong>quaestione</strong></span> <span class='ocrx_word' id='word_1_504' title='bbox 1965 2774 2199 2830; x_wconf 88' lang='lat' dir='ltr'><strong>proposita,</strong></span> <span class='ocrx_word' id='word_1_505' title='bbox 2232 2789 2333 2818; x_wconf 87' lang='lat' dir='ltr'><strong>num</strong></span> <span class='ocrx_word' id='word_1_506' title='bbox 2353 2776 2571 2820; x_wconf 90' lang='lat' dir='ltr'><strong>scribendi</strong></span> <span class='ocrx_word' id='word_1_507' title='bbox 2592 2788 2729 2831; x_wconf 85' lang='lat' dir='ltr'><strong>genus</strong></span> <span class='ocrx_word' id='word_1_508' title='bbox 2750 2774 2840 2818; x_wconf 85' lang='lat' dir='ltr'><strong>dia-</strong></span> 
     </span>
     <span class='ocr_line' id='line_1_46' title="bbox 265 2833 2840 2888; baseline 0.001 -12"><span class='ocrx_word' id='word_1_509' title='bbox 265 2834 352 2887; x_wconf 84' lang='lat' dir='ltr'><strong>logi</strong></span> <span class='ocrx_word' id='word_1_510' title='bbox 383 2833 583 2877; x_wconf 78' lang='lat' dir='ltr'><strong>videatur</strong></span> <span class='ocrx_word' id='word_1_511' title='bbox 615 2833 807 2876; x_wconf 88' lang='lat' dir='ltr'><strong>ciusdem</strong></span> <span class='ocrx_word' id='word_1_512' title='bbox 839 2846 933 2876; x_wconf 87' lang='lat' dir='ltr'><strong>esse</strong></span> <span class='ocrx_word' id='word_1_513' title='bbox 965 2846 1105 2888; x_wconf 86' lang='lat' dir='ltr'><strong>posse,</strong></span> <span class='ocrx_word' id='word_1_514' title='bbox 1151 2833 1271 2875; x_wconf 90' lang='lat' dir='ltr'><strong>euius</strong></span> <span class='ocrx_word' id='word_1_515' title='bbox 1308 2839 1351 2876; x_wconf 93' lang='lat' dir='ltr'><strong>et</strong></span> <span class='ocrx_word' id='word_1_516' title='bbox 1382 2833 1585 2887; x_wconf 84' lang='lat' dir='ltr'><strong>Agricola</strong></span> <span class='ocrx_word' id='word_1_517' title='bbox 1629 2838 1669 2875; x_wconf 92' lang='lat' dir='ltr'><strong>ct</strong></span> <span class='ocrx_word' id='word_1_518' title='bbox 1715 2833 1949 2876; x_wconf 86' lang='lat' dir='ltr'><strong>Germania</strong></span> <span class='ocrx_word' id='word_1_519' title='bbox 1991 2838 2035 2875; x_wconf 90' lang='lat' dir='ltr'><strong>et</strong></span> <span class='ocrx_word' id='word_1_520' title='bbox 2077 2833 2293 2877; x_wconf 87' lang='lat' dir='ltr'><strong>Historiae</strong></span> <span class='ocrx_word' id='word_1_521' title='bbox 2331 2848 2428 2879; x_wconf 88' lang='lat' dir='ltr'><strong>eum</strong></span> <span class='ocrx_word' id='word_1_522' title='bbox 2456 2834 2697 2878; x_wconf 85' lang='lat' dir='ltr'><strong>Annalibus</strong></span> <span class='ocrx_word' id='word_1_523' title='bbox 2727 2838 2840 2887; x_wconf 81' lang='lat' dir='ltr'><strong>sunt,</strong></span> 
     </span>
     <span class='ocr_line' id='line_1_47' title="bbox 257 2890 2841 2946; baseline 0 -11"><span class='ocrx_word' id='word_1_524' title='bbox 257 2893 657 2936; x_wconf 71' lang='lat' dir='ltr'><strong>,manifestissimum</strong></span> <span class='ocrx_word' id='word_1_525' title='bbox 690 2897 781 2934; x_wconf 87' lang='lat' dir='ltr'><strong>crat</strong></span> <span class='ocrx_word' id='word_1_526' title='bbox 814 2906 898 2934; x_wconf 89' lang='lat' dir='ltr'><strong>non</strong></span> <span class='ocrx_word' id='word_1_527' title='bbox 931 2893 1069 2935; x_wconf 82' lang='lat' dir='ltr'><strong>solum</strong></span> <span class='ocrx_word' id='word_1_528' title='bbox 1100 2891 1145 2933; x_wconf 90' lang='lat' dir='ltr'><strong>iu</strong></span> <span class='ocrx_word' id='word_1_529' title='bbox 1177 2892 1510 2934; x_wconf 84' lang='lat' dir='ltr'><strong>conformatione</strong></span> <span class='ocrx_word' id='word_1_530' title='bbox 1543 2891 1872 2944; x_wconf 86' lang='lat' dir='ltr'><strong>enuntiatorum,</strong></span> <span class='ocrx_word' id='word_1_531' title='bbox 1906 2891 1949 2933; x_wconf 92' lang='lat' dir='ltr'><strong>in</strong></span> <span class='ocrx_word' id='word_1_532' title='bbox 1981 2890 2262 2946; x_wconf 89' lang='lat' dir='ltr'><strong>dispositione</strong></span> <span class='ocrx_word' id='word_1_533' title='bbox 2293 2894 2603 2936; x_wconf 90' lang='lat' dir='ltr'><strong>sententiarum</strong></span> <span class='ocrx_word' id='word_1_534' title='bbox 2633 2890 2841 2935; x_wconf 84' lang='lat' dir='ltr'><strong>artificiis-</strong></span> 
     </span>
    </p>
   </div>
   <div class='ocr_carea' id='block_1_3' title="bbox 362 3041 2841 3409">
    <p class='ocr_par' dir='ltr' id='par_1_12' title="bbox 370 3041 2841 3314">
     <span class='ocr_line' id='line_1_48' title="bbox 370 3041 2840 3090; baseline 0 -11"><span class='ocrx_word' id='word_1_535' title='bbox 370 3046 394 3087; x_wconf 87' lang='lat'><strong>&#39;)</strong></span> <span class='ocrx_word' id='word_1_536' title='bbox 430 3044 854 3088; x_wconf 68' lang='lat' dir='ltr'><strong>Hoffmann-Peerlkamp,</strong></span> <span class='ocrx_word' id='word_1_537' title='bbox 892 3044 1061 3079; x_wconf 86' lang='lat' dir='ltr'><strong>Biblioth.</strong></span> <span class='ocrx_word' id='word_1_538' title='bbox 1099 3044 1212 3079; x_wconf 87' lang='lat' dir='ltr'><strong>critic.</strong></span> <span class='ocrx_word' id='word_1_539' title='bbox 1240 3055 1320 3079; x_wconf 89' lang='lat' dir='ltr'><strong>nov.</strong></span> <span class='ocrx_word' id='word_1_540' title='bbox 1349 3043 1376 3078; x_wconf 93' lang='lat'><strong>1.</strong></span> <span class='ocrx_word' id='word_1_541' title='bbox 1401 3042 1486 3078; x_wconf 81' lang='lat' dir='ltr'><strong>fasc.</strong></span> <span class='ocrx_word' id='word_1_542' title='bbox 1517 3043 1547 3078; x_wconf 95' lang='grc'><strong>].</strong></span> <span class='ocrx_word' id='word_1_543' title='bbox 1574 3055 1609 3088; x_wconf 89' lang='lat' dir='ltr'><strong>p.</strong></span> <span class='ocrx_word' id='word_1_544' title='bbox 1640 3041 1707 3079; x_wconf 81' lang='lat' dir='ltr'><strong>loo</strong></span> <span class='ocrx_word' id='word_1_545' title='bbox 1732 3055 1784 3087; x_wconf 89' lang='lat' dir='ltr'><strong>sq.</strong></span> <span class='ocrx_word' id='word_1_546' title='bbox 1825 3044 2059 3089; x_wconf 74' lang='lat' dir='ltr'><strong>»Saepissime</strong></span> <span class='ocrx_word' id='word_1_547' title='bbox 2094 3050 2220 3081; x_wconf 84' lang='lat' dir='ltr'><strong>auctor</strong></span> <span class='ocrx_word' id='word_1_548' title='bbox 2253 3044 2395 3090; x_wconf 78' lang='lat' dir='ltr'><strong>dialogi,</strong></span> <span class='ocrx_word' id='word_1_549' title='bbox 2421 3045 2536 3089; x_wconf 82' lang='lat' dir='ltr'><strong>inquit</strong></span> <span class='ocrx_word' id='word_1_550' title='bbox 2560 3042 2840 3088; x_wconf 68' lang='lat' dir='ltr'><strong>Peerlkampius,</strong></span> 
     </span>
     <span class='ocr_line' id='line_1_49' title="bbox 428 3090 2840 3137; baseline 0.001 -10"><span class='ocrx_word' id='word_1_551' title='bbox 428 3093 479 3127; x_wconf 84' lang='lat' dir='ltr'><strong>ita</strong></span> <span class='ocrx_word' id='word_1_552' title='bbox 503 3092 640 3135; x_wconf 77' lang='lat' dir='ltr'><strong>scribit,</strong></span> <span class='ocrx_word' id='word_1_553' title='bbox 666 3096 706 3126; x_wconf 90' lang='lat' dir='ltr'><strong>ut</strong></span> <span class='ocrx_word' id='word_1_554' title='bbox 729 3097 874 3135; x_wconf 85' lang='lat' dir='ltr'><strong>praeter</strong></span> <span class='ocrx_word' id='word_1_555' title='bbox 898 3090 1060 3127; x_wconf 89' lang='lat' dir='ltr'><strong>Tacitum</strong></span> <span class='ocrx_word' id='word_1_556' title='bbox 1085 3102 1189 3127; x_wconf 90' lang='lat' dir='ltr'><strong>nemo</strong></span> <span class='ocrx_word' id='word_1_557' title='bbox 1215 3101 1383 3134; x_wconf 90' lang='lat' dir='ltr'><strong>umquam</strong></span> <span class='ocrx_word' id='word_1_558' title='bbox 1407 3090 1564 3135; x_wconf 85' lang='lat' dir='ltr'><strong>scripsit.</strong></span> <span class='ocrx_word' id='word_1_559' title='bbox 1613 3090 1692 3127; x_wconf 87' lang='lat' dir='ltr'><strong>Hoc</strong></span> <span class='ocrx_word' id='word_1_560' title='bbox 1722 3090 1900 3127; x_wconf 89' lang='lat' dir='ltr'><strong>interdum</strong></span> <span class='ocrx_word' id='word_1_561' title='bbox 1934 3091 2148 3136; x_wconf 87' lang='lat' dir='ltr'><strong>perspicitur</strong></span> <span class='ocrx_word' id='word_1_562' title='bbox 2182 3091 2352 3137; x_wconf 86' lang='lat' dir='ltr'><strong>exemplis</strong></span> <span class='ocrx_word' id='word_1_563' title='bbox 2389 3090 2603 3137; x_wconf 82' lang='lat' dir='ltr'><strong>quibusdam</strong></span> <span class='ocrx_word' id='word_1_564' title='bbox 2635 3100 2728 3136; x_wconf 80' lang='lat' dir='ltr'><strong>qnae</strong></span> <span class='ocrx_word' id='word_1_565' title='bbox 2752 3100 2840 3129; x_wconf 84' lang='lat' dir='ltr'><strong>non-</strong></span> 
     </span>
     <span class='ocr_line' id='line_1_50' title="bbox 430 3136 2840 3185; baseline 0 -11"><span class='ocrx_word' id='word_1_566' title='bbox 430 3138 517 3174; x_wconf 89' lang='lat' dir='ltr'><strong>nulli</strong></span> <span class='ocrx_word' id='word_1_567' title='bbox 540 3137 696 3175; x_wconf 77' lang='lat' dir='ltr'><strong>fortasse</strong></span> <span class='ocrx_word' id='word_1_568' title='bbox 720 3137 852 3174; x_wconf 88' lang='lat' dir='ltr'><strong>ducent</strong></span> <span class='ocrx_word' id='word_1_569' title='bbox 875 3136 1022 3182; x_wconf 87' lang='lat' dir='ltr'><strong>leviora,</strong></span> <span class='ocrx_word' id='word_1_570' title='bbox 1049 3148 1114 3183; x_wconf 83' lang='lat' dir='ltr'><strong>ego</strong></span> <span class='ocrx_word' id='word_1_571' title='bbox 1139 3149 1212 3174; x_wconf 90' lang='lat' dir='ltr'><strong>non</strong></span> <span class='ocrx_word' id='word_1_572' title='bbox 1237 3137 1342 3174; x_wconf 88' lang='lat' dir='ltr'><strong>duco.</strong></span> <span class='ocrx_word' id='word_1_573' title='bbox 1379 3137 1471 3174; x_wconf 86' lang='lat' dir='ltr'><strong>Nam</strong></span> <span class='ocrx_word' id='word_1_574' title='bbox 1496 3137 1600 3174; x_wconf 84' lang='lat' dir='ltr'><strong>sicuti</strong></span> <span class='ocrx_word' id='word_1_575' title='bbox 1624 3137 1725 3174; x_wconf 88' lang='lat' dir='ltr'><strong>multi</strong></span> <span class='ocrx_word' id='word_1_576' title='bbox 1748 3137 1909 3174; x_wconf 89' lang='lat' dir='ltr'><strong>homines</strong></span> <span class='ocrx_word' id='word_1_577' title='bbox 1933 3138 2002 3175; x_wconf 89' lang='lat' dir='ltr'><strong>hoc</strong></span> <span class='ocrx_word' id='word_1_578' title='bbox 2026 3138 2171 3185; x_wconf 86' lang='lat' dir='ltr'><strong>habent,</strong></span> <span class='ocrx_word' id='word_1_579' title='bbox 2195 3143 2235 3175; x_wconf 90' lang='lat' dir='ltr'><strong>ut</strong></span> <span class='ocrx_word' id='word_1_580' title='bbox 2259 3149 2304 3175; x_wconf 83' lang='lat' dir='ltr'><strong>ex</strong></span> <span class='ocrx_word' id='word_1_581' title='bbox 2328 3139 2470 3177; x_wconf 79' lang='lat' dir='ltr'><strong>incessu</strong></span> <span class='ocrx_word' id='word_1_582' title='bbox 2487 3142 2657 3183; x_wconf 86' lang='lat' dir='ltr'><strong>motuque</strong></span> <span class='ocrx_word' id='word_1_583' title='bbox 2679 3138 2840 3183; x_wconf 77' lang='lat' dir='ltr'><strong>corporis</strong></span> 
     </span>
     <span class='ocr_line' id='line_1_51' title="bbox 427 3184 2841 3231; baseline 0 -11"><span class='ocrx_word' id='word_1_584' title='bbox 427 3187 564 3221; x_wconf 87' lang='lat' dir='ltr'><strong>eminus</strong></span> <span class='ocrx_word' id='word_1_585' title='bbox 588 3186 846 3231; x_wconf 81' lang='lat' dir='ltr'><strong>dignoscantur</strong></span> <span class='ocrx_word' id='word_1_586' title='bbox 867 3186 1043 3229; x_wconf 87' lang='lat' dir='ltr'><strong>iidemque</strong></span> <span class='ocrx_word' id='word_1_587' title='bbox 1077 3186 1183 3220; x_wconf 86' lang='lat' dir='ltr'><strong>alium</strong></span> <span class='ocrx_word' id='word_1_588' title='bbox 1219 3186 1396 3219; x_wconf 84' lang='lat' dir='ltr'><strong>incessmn</strong></span> <span class='ocrx_word' id='word_1_589' title='bbox 1434 3192 1638 3229; x_wconf 85' lang='lat' dir='ltr'><strong>motumque</strong></span> <span class='ocrx_word' id='word_1_590' title='bbox 1674 3185 1808 3228; x_wconf 83' lang='lat' dir='ltr'><strong>fingere</strong></span> <span class='ocrx_word' id='word_1_591' title='bbox 1838 3196 1881 3219; x_wconf 86' lang='lat' dir='ltr'><strong>ac</strong></span> <span class='ocrx_word' id='word_1_592' title='bbox 1917 3185 2083 3221; x_wconf 87' lang='lat' dir='ltr'><strong>simulare</strong></span> <span class='ocrx_word' id='word_1_593' title='bbox 2119 3192 2293 3231; x_wconf 86' lang='lat' dir='ltr'><strong>perpetuo</strong></span> <span class='ocrx_word' id='word_1_594' title='bbox 2324 3198 2396 3222; x_wconf 87' lang='lat' dir='ltr'><strong>non</strong></span> <span class='ocrx_word' id='word_1_595' title='bbox 2428 3185 2579 3231; x_wconf 76' lang='lat' dir='ltr'><strong>possint,</strong></span> <span class='ocrx_word' id='word_1_596' title='bbox 2603 3185 2655 3219; x_wconf 84' lang='lat' dir='ltr'><strong>ita</strong></span> <span class='ocrx_word' id='word_1_597' title='bbox 2678 3184 2841 3221; x_wconf 72' lang='lat' dir='ltr'><strong>Tacitum</strong></span> 
     </span>
     <span class='ocr_line' id='line_1_52' title="bbox 428 3230 2841 3314; baseline 0.002 -46"><span class='ocrx_word' id='word_1_598' title='bbox 428 3245 577 3314; x_wconf 52' lang='lat' dir='ltr'><strong>suaodlars</strong></span> <span class='ocrx_word' id='word_1_599' title='bbox 601 3240 640 3287; x_wconf 74' lang='lat' dir='ltr'><strong>et</strong></span> <span class='ocrx_word' id='word_1_600' title='bbox 661 3233 754 3271; x_wconf 86' lang='lat' dir='ltr'><strong>ratio</strong></span> <span class='ocrx_word' id='word_1_601' title='bbox 779 3233 866 3269; x_wconf 83' lang='lat' dir='ltr'><strong>satis</strong></span> <span class='ocrx_word' id='word_1_602' title='bbox 891 3233 1117 3278; x_wconf 82' lang='lat' dir='ltr'><strong>manifestum</strong></span> <span class='ocrx_word' id='word_1_603' title='bbox 1141 3233 1351 3283; x_wconf 81' lang='lat' dir='ltr'><strong>ostendunt:</strong></span> <span class='ocrx_word' id='word_1_604' title='bbox 1397 3238 1523 3270; x_wconf 81' lang='lat' dir='ltr'><strong>natura</strong></span> <span class='ocrx_word' id='word_1_605' title='bbox 1549 3232 1643 3270; x_wconf 86' lang='lat' dir='ltr'><strong>illius</strong></span> <span class='ocrx_word' id='word_1_606' title='bbox 1678 3231 1809 3278; x_wconf 87' lang='lat' dir='ltr'><strong>ubique</strong></span> <span class='ocrx_word' id='word_1_607' title='bbox 1847 3232 1998 3270; x_wconf 87' lang='lat' dir='ltr'><strong>recurrit</strong></span> <span class='ocrx_word' id='word_1_608' title='bbox 2022 3238 2058 3271; x_wconf 85' lang='lat' dir='ltr'><strong>et</strong></span> <span class='ocrx_word' id='word_1_609' title='bbox 2082 3233 2185 3279; x_wconf 82' lang='lat' dir='ltr'><strong>quasi</strong></span> <span class='ocrx_word' id='word_1_610' title='bbox 2230 3232 2384 3280; x_wconf 80' lang='lat' dir='ltr'><strong>flamma,</strong></span> <span class='ocrx_word' id='word_1_611' title='bbox 2422 3237 2462 3270; x_wconf 87' lang='lat' dir='ltr'><strong>ut</strong></span> <span class='ocrx_word' id='word_1_612' title='bbox 2495 3231 2547 3271; x_wconf 86' lang='lat' dir='ltr'><strong>ait</strong></span> <span class='ocrx_word' id='word_1_613' title='bbox 2568 3236 2687 3279; x_wconf 76' lang='lat' dir='ltr'><strong>poeta,</strong></span> <span class='ocrx_word' id='word_1_614' title='bbox 2710 3230 2841 3273; x_wconf 75' lang='lat' dir='ltr'><strong>indicio</strong></span> 
     </span>
    </p>

    <p class='ocr_par' dir='ltr' id='par_1_13' title="bbox 453 3285 815 3315">
     <span class='ocr_line' id='line_1_53' title="bbox 453 3285 815 3315; baseline 0.003 -1"><span class='ocrx_word' id='word_1_615' title='bbox 453 3290 471 3314; x_wconf 90' lang='lat' dir='ltr'><strong>r</strong></span> <span class='ocrx_word' id='word_1_616' title='bbox 533 3285 592 3314; x_wconf 88' lang='lat' dir='ltr'><strong>tur</strong></span> <span class='ocrx_word' id='word_1_617' title='bbox 614 3291 627 3314; x_wconf 82' lang='lat'>1</span> <span class='ocrx_word' id='word_1_618' title='bbox 652 3290 693 3315; x_wconf 85' lang='lat' dir='ltr'><strong>sa</strong></span> <span class='ocrx_word' id='word_1_619' title='bbox 716 3290 815 3315; x_wconf 66' lang='lat' dir='ltr'><strong>suos</strong></span> 
     </span>
    </p>

    <p class='ocr_par' dir='ltr' id='par_1_14' title="bbox 362 3290 2840 3408">
     <span class='ocr_line' id='line_1_54' title="bbox 362 3290 2840 3408; baseline 0 -46"><span class='ocrx_word' id='word_1_620' title='bbox 362 3326 389 3369; x_wconf 79' lang='lat'><strong>²)</strong></span> <span class='ocrx_word' id='word_1_621' title='bbox 426 3290 598 3362; x_wconf 39' lang='lat' dir='ltr'><strong>1liliusdem</strong></span> <span class='ocrx_word' id='word_1_622' title='bbox 628 3291 698 3408; x_wconf 50' lang='lat' dir='ltr'><strong>eud</strong></span> <span class='ocrx_word' id='word_1_623' title='bbox 723 3327 828 3407; x_wconf 59' lang='lat' dir='ltr'><strong>{loeti</strong></span> <span class='ocrx_word' id='word_1_624' title='bbox 856 3327 1008 3370; x_wconf 68' lang='lat' dir='ltr'><strong>Eelogas</strong></span> <span class='ocrx_word' id='word_1_625' title='bbox 1044 3327 1225 3363; x_wconf 83' lang='lat' dir='ltr'><strong>Tacitinas</strong></span> <span class='ocrx_word' id='word_1_626' title='bbox 1258 3335 1294 3363; x_wconf 81' lang='lat' dir='ltr'><strong>ct</strong></span> <span class='ocrx_word' id='word_1_627' title='bbox 1326 3327 1498 3363; x_wconf 84' lang='lat' dir='ltr'><strong>editiones</strong></span> <span class='ocrx_word' id='word_1_628' title='bbox 1532 3327 1704 3362; x_wconf 80' lang='lat' dir='ltr'><strong>Hubschii</strong></span> <span class='ocrx_word' id='word_1_629' title='bbox 1735 3326 1856 3373; x_wconf 79' lang='lat'>(1837)</span> <span class='ocrx_word' id='word_1_630' title='bbox 1880 3332 1916 3363; x_wconf 84' lang='lat' dir='ltr'><strong>et</strong></span> <span class='ocrx_word' id='word_1_631' title='bbox 1941 3318 1979 3362; x_wconf 80' lang='lat' dir='ltr'><strong>P.</strong></span> <span class='ocrx_word' id='word_1_632' title='bbox 2007 3328 2045 3363; x_wconf 90' lang='lat' dir='ltr'><strong>C.</strong></span> <span class='ocrx_word' id='word_1_633' title='bbox 2072 3327 2177 3364; x_wconf 75' lang='lat' dir='ltr'><strong>nessi</strong></span> <span class='ocrx_word' id='word_1_634' title='bbox 2200 3327 2321 3373; x_wconf 83' lang='lat'>(1841)</span> <span class='ocrx_word' id='word_1_635' title='bbox 2345 3327 2430 3363; x_wconf 81' lang='lat' dir='ltr'><strong>mihi</strong></span> <span class='ocrx_word' id='word_1_636' title='bbox 2455 3338 2527 3364; x_wconf 89' lang='lat' dir='ltr'><strong>non</strong></span> <span class='ocrx_word' id='word_1_637' title='bbox 2550 3325 2660 3364; x_wconf 78' lang='lat' dir='ltr'><strong>fuisse</strong></span> <span class='ocrx_word' id='word_1_638' title='bbox 2684 3333 2840 3371; x_wconf 77' lang='lat' dir='ltr'><strong>praesto,</strong></span> 
     </span>
    </p>

    <p class='ocr_par' dir='ltr' id='par_1_15' title="bbox 427 3376 789 3409">
     <span class='ocr_line' id='line_1_55' title="bbox 427 3376 789 3409; baseline -0.003 0"><span class='ocrx_word' id='word_1_639' title='bbox 427 3376 652 3409; x_wconf 81' lang='lat' dir='ltr'><strong>vehementer</strong></span> <span class='ocrx_word' id='word_1_640' title='bbox 702 3386 721 3407; x_wconf 88' lang='lat' dir='ltr'><strong>o</strong></span> <span class='ocrx_word' id='word_1_641' title='bbox 738 3387 789 3408; x_wconf 70' lang='lat' dir='ltr'><strong>vo.</strong></span> 
     </span>
    </p>
   </div>
  </div>
 </body>
</html>
