<?xml version="1.0" encoding="UTF-8"?>
<!DOCTYPE html PUBLIC "-//W3C//DTD XHTML 1.0 Transitional//EN"
    "http://www.w3.org/TR/xhtml1/DTD/xhtml1-transitional.dtd">
<html xmlns="http://www.w3.org/1999/xhtml" xml:lang="en" lang="en">
 <head>
  <title>
</title>
<meta http-equiv="Content-Type" content="text/html;charset=utf-8" />
  <meta name='ocr-system' content='tesseract 3.04.00' />
  <meta name='ocr-capabilities' content='ocr_page ocr_carea ocr_par ocr_line ocrx_word'/>
</head>
<body>
  <div class='ocr_page' id='page_1' title='image "4763749_0028.png"; bbox 0 0 3147 3774; ppageno 0'>
   <div class='ocr_carea' id='block_1_1' title="bbox 254 2054 318 2094">
    <p class='ocr_par' dir='ltr' id='par_1_1' title="bbox 254 2054 318 2094">
     <span class='ocr_line' id='line_1_1' title="bbox 254 2054 318 2094; baseline -0.016 0"><span class='ocrx_word' id='word_1_1' title='bbox 254 2054 318 2094; x_wconf 88' lang='lat'><strong>40.</strong></span> 
     </span>
    </p>
   </div>
   <div class='ocr_carea' id='block_1_2' title="bbox 257 3178 316 3216">
    <p class='ocr_par' dir='ltr' id='par_1_2' title="bbox 257 3178 316 3216">
     <span class='ocr_line' id='line_1_2' title="bbox 257 3178 316 3216; baseline 0 -1"><span class='ocrx_word' id='word_1_2' title='bbox 257 3178 316 3216; x_wconf 89' lang='grc'><strong>13.</strong></span> 
     </span>
    </p>
   </div>
   <div class='ocr_carea' id='block_1_3' title="bbox 307 2821 788 2861">
    <p class='ocr_par' dir='ltr' id='par_1_3' title="bbox 307 2821 788 2861">
     <span class='ocr_line' id='line_1_3' title="bbox 307 2821 788 2861; baseline 0.008 -4"><span class='ocrx_word' id='word_1_3' title='bbox 307 2847 318 2857; x_wconf 90' lang='grc'><strong>.</strong></span> <span class='ocrx_word' id='word_1_4' title='bbox 359 2821 517 2859; x_wconf 79' lang='lat' dir='ltr'><strong>efficere</strong></span> <span class='ocrx_word' id='word_1_5' title='bbox 545 2826 585 2861; x_wconf 86' lang='lat' dir='ltr'><strong>et</strong></span> <span class='ocrx_word' id='word_1_6' title='bbox 611 2835 648 2861; x_wconf 92' lang='lat' dir='ltr'><strong>a.</strong></span> <span class='ocrx_word' id='word_1_7' title='bbox 678 2823 788 2861; x_wconf 83' lang='lat' dir='ltr'><strong>eniti.</strong></span> 
     </span>
    </p>
   </div>
   <div class='ocr_carea' id='block_1_4' title="bbox 1398 133 1576 177">
    <p class='ocr_par' dir='ltr' id='par_1_4' title="bbox 1398 133 1576 177">
     <span class='ocr_line' id='line_1_4' title="bbox 1398 133 1576 177; baseline 0.006 -1"><span class='ocrx_word' id='word_1_8' title='bbox 1398 133 1576 177; x_wconf 85' lang='lat'><strong>—20</strong></span> 
     </span>
    </p>
   </div>
   <div class='ocr_carea' id='block_1_5' title="bbox 344 263 1507 1136">
    <p class='ocr_par' dir='ltr' id='par_1_5' title="bbox 370 263 1128 306">
     <span class='ocr_line' id='line_1_5' title="bbox 370 263 1128 306; baseline -0.003 -1"><span class='ocrx_word' id='word_1_9' title='bbox 370 265 419 305; x_wconf 87' lang='lat' dir='ltr'><strong>G.</strong></span> <span class='ocrx_word' id='word_1_10' title='bbox 449 267 498 306; x_wconf 85' lang='lat'><strong>16</strong></span> <span class='ocrx_word' id='word_1_11' title='bbox 526 265 713 305; x_wconf 74' lang='lat' dir='ltr'><strong>connexis</strong></span> <span class='ocrx_word' id='word_1_12' title='bbox 740 266 782 303; x_wconf 89' lang='lat' dir='ltr'><strong>et</strong></span> <span class='ocrx_word' id='word_1_13' title='bbox 808 263 1128 303; x_wconf 72' lang='lat' dir='ltr'><strong>cohaerentibus.</strong></span> 
     </span>
    </p>

    <p class='ocr_par' dir='ltr' id='par_1_6' title="bbox 367 314 1503 367">
     <span class='ocr_line' id='line_1_6' title="bbox 367 314 1503 367; baseline -0.004 -9"><span class='ocrx_word' id='word_1_14' title='bbox 367 317 419 357; x_wconf 90' lang='lat' dir='ltr'><strong>H.</strong></span> <span class='ocrx_word' id='word_1_15' title='bbox 447 320 485 367; x_wconf 99' lang='grc'><strong>2,</strong></span> <span class='ocrx_word' id='word_1_16' title='bbox 515 319 564 358; x_wconf 88' lang='grc'><strong>95</strong></span> <span class='ocrx_word' id='word_1_17' title='bbox 592 326 732 356; x_wconf 90' lang='lat' dir='ltr'><strong>caesae</strong></span> <span class='ocrx_word' id='word_1_18' title='bbox 758 337 809 343; x_wconf 94' lang='lat'>—</span> <span class='ocrx_word' id='word_1_19' title='bbox 838 318 1133 366; x_wconf 88' lang='lat' dir='ltr'><strong>cremataeque.</strong></span> <span class='ocrx_word' id='word_1_20' title='bbox 1172 314 1225 354; x_wconf 89' lang='lat' dir='ltr'><strong>H.</strong></span> <span class='ocrx_word' id='word_1_21' title='bbox 1253 318 1292 366; x_wconf 98' lang='lat'><strong>4,</strong></span> <span class='ocrx_word' id='word_1_22' title='bbox 1320 316 1369 354; x_wconf 84' lang='lat'><strong>72</strong></span> <span class='ocrx_word' id='word_1_23' title='bbox 1398 314 1503 353; x_wconf 89' lang='lat' dir='ltr'><strong>clau·</strong></span> 
     </span>
    </p>

    <p class='ocr_par' dir='ltr' id='par_1_7' title="bbox 366 377 1021 469">
     <span class='ocr_line' id='line_1_7' title="bbox 366 377 1021 469; baseline -0.003 -11"><span class='ocrx_word' id='word_1_24' title='bbox 366 418 416 458; x_wconf 89' lang='lat' dir='ltr'><strong>A.</strong></span> <span class='ocrx_word' id='word_1_25' title='bbox 420 381 505 469; x_wconf 48' lang='grc'>8113,</span> <span class='ocrx_word' id='word_1_26' title='bbox 514 377 800 468; x_wconf 42' lang='lat' dir='ltr'><strong>ogisffllffissitis</strong></span> <span class='ocrx_word' id='word_1_27' title='bbox 827 418 1021 457; x_wconf 78' lang='lat' dir='ltr'><strong>caesisve.</strong></span> 
     </span>
    </p>

    <p class='ocr_par' dir='ltr' id='par_1_8' title="bbox 344 467 1503 571">
     <span class='ocr_line' id='line_1_8' title="bbox 344 467 1503 531; baseline -0.003 -20.947"><span class='ocrx_word' id='word_1_28' title='bbox 344 471 414 510; x_wconf 87' lang='grc' dir='ltr'><strong>Α.</strong></span> <span class='ocrx_word' id='word_1_29' title='bbox 442 472 477 521; x_wconf 89' lang='grc'><strong>3,</strong></span> <span class='ocrx_word' id='word_1_30' title='bbox 505 471 555 509; x_wconf 88' lang='lat'><strong>56</strong></span> <span class='ocrx_word' id='word_1_31' title='bbox 582 468 609 508; x_wconf 93' lang='lat' dir='ltr'><strong>f.</strong></span> <span class='ocrx_word' id='word_1_32' title='bbox 647 472 767 520; x_wconf 88' lang='lat' dir='ltr'><strong>capto</strong></span> <span class='ocrx_word' id='word_1_33' title='bbox 799 469 1095 531; x_wconf 75' lang='lat' dir='ltr'><strong>experimento,</strong></span> <span class='ocrx_word' id='word_1_34' title='bbox 1132 468 1375 520; x_wconf 82' lang='lat' dir='ltr'>compressis</span> <span class='ocrx_word' id='word_1_35' title='bbox 1403 467 1503 508; x_wconf 91' lang='lat' dir='ltr'><strong>sedi-</strong></span> 
     </span>
     <span class='ocr_line' id='line_1_9' title="bbox 414 499 1334 581; baseline 0 -21"><span class='ocrx_word' id='word_1_36' title='bbox 414 499 601 570; x_wconf 87' lang='lat' dir='ltr'><strong>tionibus,</strong></span> <span class='ocrx_word' id='word_1_37' title='bbox 632 521 865 581; x_wconf 78' lang='lat' dir='ltr'><strong>compositis</strong></span> <span class='ocrx_word' id='word_1_38' title='bbox 892 521 1010 561; x_wconf 91' lang='lat' dir='ltr'><strong>bellis</strong></span> <span class='ocrx_word' id='word_1_39' title='bbox 1037 544 1089 550; x_wconf 92' lang='lat'><strong>—</strong></span> <span class='ocrx_word' id='word_1_40' title='bbox 1117 522 1334 561; x_wconf 89' lang='lat' dir='ltr'><strong>consulem.</strong></span> 
     </span>
    </p>

    <p class='ocr_par' dir='ltr' id='par_1_9' title="bbox 360 572 1426 624">
     <span class='ocr_line' id='line_1_10' title="bbox 360 572 1426 624; baseline 0 -13"><span class='ocrx_word' id='word_1_41' title='bbox 360 572 411 611; x_wconf 88' lang='grc' dir='ltr'><strong>Η.</strong></span> <span class='ocrx_word' id='word_1_42' title='bbox 438 574 476 624; x_wconf 88' lang='grc'><strong>5,</strong></span> <span class='ocrx_word' id='word_1_43' title='bbox 505 574 531 613; x_wconf 92' lang='grc'><strong>3</strong></span> <span class='ocrx_word' id='word_1_44' title='bbox 557 572 616 612; x_wconf 89' lang='lat' dir='ltr'><strong>sic</strong></span> <span class='ocrx_word' id='word_1_45' title='bbox 643 572 910 624; x_wconf 90' lang='lat' dir='ltr'><strong>conquisitum</strong></span> <span class='ocrx_word' id='word_1_46' title='bbox 939 573 1241 624; x_wconf 89' lang='lat' dir='ltr'><strong>conlectumque</strong></span> <span class='ocrx_word' id='word_1_47' title='bbox 1268 573 1426 624; x_wconf 84' lang='lat' dir='ltr'><strong>vulgus.</strong></span> 
     </span>
    </p>

    <p class='ocr_par' dir='ltr' id='par_1_10' title="bbox 359 623 1169 673">
     <span class='ocr_line' id='line_1_11' title="bbox 359 623 1169 673; baseline 0 -12"><span class='ocrx_word' id='word_1_48' title='bbox 359 623 411 660; x_wconf 87' lang='lat' dir='ltr'><strong>H.</strong></span> <span class='ocrx_word' id='word_1_49' title='bbox 439 626 477 673; x_wconf 94' lang='grc'><strong>3,</strong></span> <span class='ocrx_word' id='word_1_50' title='bbox 506 626 558 662; x_wconf 92' lang='grc'>54</span> <span class='ocrx_word' id='word_1_51' title='bbox 586 624 802 662; x_wconf 91' lang='lat' dir='ltr'><strong>confidenti</strong></span> <span class='ocrx_word' id='word_1_52' title='bbox 830 625 1169 673; x_wconf 72' lang='lat' dir='ltr'><strong>consultantique.</strong></span> 
     </span>
    </p>

    <p class='ocr_par' dir='ltr' id='par_1_11' title="bbox 359 673 1202 726">
     <span class='ocr_line' id='line_1_12' title="bbox 359 673 1202 726; baseline 0.002 -12"><span class='ocrx_word' id='word_1_53' title='bbox 359 673 411 713; x_wconf 90' lang='grc' dir='ltr'><strong>Η.</strong></span> <span class='ocrx_word' id='word_1_54' title='bbox 439 677 477 726; x_wconf 92' lang='grc'><strong>2,</strong></span> <span class='ocrx_word' id='word_1_55' title='bbox 505 678 554 715; x_wconf 90' lang='grc'><strong>21</strong></span> <span class='ocrx_word' id='word_1_56' title='bbox 583 675 611 715; x_wconf 93' lang='lat' dir='ltr'><strong>f.</strong></span> <span class='ocrx_word' id='word_1_57' title='bbox 641 675 897 716; x_wconf 76' lang='lat' dir='ltr'><strong>celebrantes</strong></span> <span class='ocrx_word' id='word_1_58' title='bbox 926 676 1202 726; x_wconf 78' lang='lat' dir='ltr'><strong>culpantesve.</strong></span> 
     </span>
    </p>

    <p class='ocr_par' dir='ltr' id='par_1_12' title="bbox 360 705 1442 778">
     <span class='ocr_line' id='line_1_13' title="bbox 360 705 1442 778; baseline -0.001 -11"><span class='ocrx_word' id='word_1_59' title='bbox 360 723 409 766; x_wconf 87' lang='lat' dir='ltr'><strong>G.</strong></span> <span class='ocrx_word' id='word_1_60' title='bbox 440 705 487 768; x_wconf 89' lang='lat'><strong>1&#39;1</strong></span> <span class='ocrx_word' id='word_1_61' title='bbox 518 729 751 778; x_wconf 89' lang='lat' dir='ltr'><strong>computant</strong></span> <span class='ocrx_word' id='word_1_62' title='bbox 778 750 830 757; x_wconf 92' lang='lat'>—</span> <span class='ocrx_word' id='word_1_63' title='bbox 857 727 1108 768; x_wconf 89' lang='lat' dir='ltr'><strong>constituunt</strong></span> <span class='ocrx_word' id='word_1_64' title='bbox 1134 749 1186 756; x_wconf 93' lang='lat'>—</span> <span class='ocrx_word' id='word_1_65' title='bbox 1214 727 1442 768; x_wconf 86' lang='lat' dir='ltr'><strong>condicunt.</strong></span> 
     </span>
    </p>

    <p class='ocr_par' dir='ltr' id='par_1_13' title="bbox 359 777 1503 879">
     <span class='ocr_line' id='line_1_14' title="bbox 359 777 1503 840; baseline -0.001 -23"><span class='ocrx_word' id='word_1_66' title='bbox 359 777 409 817; x_wconf 97' lang='lat' dir='ltr'><strong>G.</strong></span> <span class='ocrx_word' id='word_1_67' title='bbox 437 781 488 818; x_wconf 84' lang='lat'><strong>45</strong></span> <span class='ocrx_word' id='word_1_68' title='bbox 528 780 636 829; x_wconf 85' lang='lat' dir='ltr'><strong>cingi</strong></span> <span class='ocrx_word' id='word_1_69' title='bbox 662 780 863 840; x_wconf 90' lang='lat' dir='ltr'><strong>cludiqne.</strong></span> <span class='ocrx_word' id='word_1_70' title='bbox 918 781 969 818; x_wconf 88' lang='lat' dir='ltr'><strong>H.</strong></span> <span class='ocrx_word' id='word_1_71' title='bbox 1001 783 1037 829; x_wconf 93' lang='lat'>1,</span> <span class='ocrx_word' id='word_1_72' title='bbox 1063 782 1114 818; x_wconf 82' lang='lat'><strong>47</strong></span> <span class='ocrx_word' id='word_1_73' title='bbox 1143 779 1172 818; x_wconf 86' lang='lat' dir='ltr'><strong>f.</strong></span> <span class='ocrx_word' id='word_1_74' title='bbox 1214 780 1382 818; x_wconf 88' lang='lat' dir='ltr'><strong>concedi</strong></span> <span class='ocrx_word' id='word_1_75' title='bbox 1421 791 1503 817; x_wconf 90' lang='lat' dir='ltr'><strong>cor-</strong></span> 
     </span>
     <span class='ocr_line' id='line_1_15' title="bbox 414 830 803 879; baseline 0.003 -11"><span class='ocrx_word' id='word_1_76' title='bbox 414 843 514 879; x_wconf 74' lang='lat' dir='ltr'><strong>pora</strong></span> <span class='ocrx_word' id='word_1_77' title='bbox 543 830 803 879; x_wconf 66' lang='lat' dir='ltr'><strong>cremarique.</strong></span> 
     </span>
    </p>

    <p class='ocr_par' dir='ltr' id='par_1_14' title="bbox 358 878 1507 983">
     <span class='ocr_line' id='line_1_16' title="bbox 358 878 1507 933; baseline -0.001 -13"><span class='ocrx_word' id='word_1_78' title='bbox 358 878 407 920; x_wconf 92' lang='lat' dir='ltr'><strong>A.</strong></span> <span class='ocrx_word' id='word_1_79' title='bbox 438 883 498 930; x_wconf 91' lang='grc'><strong>11,</strong></span> <span class='ocrx_word' id='word_1_80' title='bbox 528 882 578 921; x_wconf 89' lang='grc'><strong>16</strong></span> <span class='ocrx_word' id='word_1_81' title='bbox 603 892 656 920; x_wconf 93' lang='grc' dir='ltr'><strong>ιιι.</strong></span> <span class='ocrx_word' id='word_1_82' title='bbox 684 881 896 932; x_wconf 85' lang='lat' dir='ltr'><strong>celebrari,</strong></span> <span class='ocrx_word' id='word_1_83' title='bbox 925 881 1015 921; x_wconf 87' lang='lat' dir='ltr'><strong>coli.</strong></span> <span class='ocrx_word' id='word_1_84' title='bbox 1054 881 1104 921; x_wconf 89' lang='lat' dir='ltr'><strong>A.</strong></span> <span class='ocrx_word' id='word_1_85' title='bbox 1135 883 1197 933; x_wconf 92' lang='grc'><strong>15,</strong></span> <span class='ocrx_word' id='word_1_86' title='bbox 1224 883 1276 921; x_wconf 87' lang='grc'><strong>44</strong></span> <span class='ocrx_word' id='word_1_87' title='bbox 1304 880 1507 921; x_wconf 87' lang='lat' dir='ltr'><strong>confluunt</strong></span> 
     </span>
     <span class='ocr_line' id='line_1_17' title="bbox 413 933 762 983; baseline 0.003 -12"><span class='ocrx_word' id='word_1_88' title='bbox 413 933 762 983; x_wconf 84' lang='lat' dir='ltr'><strong>celebranturque.</strong></span> 
     </span>
    </p>

    <p class='ocr_par' dir='ltr' id='par_1_15' title="bbox 357 983 1164 1035">
     <span class='ocr_line' id='line_1_18' title="bbox 357 983 1164 1035; baseline 0.001 -12"><span class='ocrx_word' id='word_1_89' title='bbox 357 983 408 1022; x_wconf 90' lang='lat' dir='ltr'><strong>H.</strong></span> <span class='ocrx_word' id='word_1_90' title='bbox 437 986 475 1034; x_wconf 92' lang='lat'><strong>3,</strong></span> <span class='ocrx_word' id='word_1_91' title='bbox 503 986 556 1024; x_wconf 84' lang='lat'><strong>20</strong></span> <span class='ocrx_word' id='word_1_92' title='bbox 583 984 864 1035; x_wconf 88' lang='lat' dir='ltr'><strong>consultando,</strong></span> <span class='ocrx_word' id='word_1_93' title='bbox 895 986 1164 1025; x_wconf 82' lang='lat' dir='ltr'><strong>cunctatione.</strong></span> 
     </span>
    </p>

    <p class='ocr_par' dir='ltr' id='par_1_16' title="bbox 360 1035 1195 1086">
     <span class='ocr_line' id='line_1_19' title="bbox 360 1035 1195 1086; baseline 0.002 -14"><span class='ocrx_word' id='word_1_94' title='bbox 360 1035 412 1072; x_wconf 97' lang='grc' dir='ltr'><strong>Η.</strong></span> <span class='ocrx_word' id='word_1_95' title='bbox 443 1039 479 1085; x_wconf 94' lang='lat'>1,</span> <span class='ocrx_word' id='word_1_96' title='bbox 508 1037 558 1074; x_wconf 90' lang='grc'><strong>55</strong></span> <span class='ocrx_word' id='word_1_97' title='bbox 587 1038 837 1086; x_wconf 85' lang='lat' dir='ltr'><strong>cunctanter,</strong></span> <span class='ocrx_word' id='word_1_98' title='bbox 864 1048 958 1075; x_wconf 82' lang='lat' dir='ltr'><strong>mox</strong></span> <span class='ocrx_word' id='word_1_99' title='bbox 987 1047 1195 1076; x_wconf 90' lang='lat' dir='ltr'><strong>consensu.</strong></span> 
     </span>
    </p>

    <p class='ocr_par' dir='ltr' id='par_1_17' title="bbox 358 1085 1502 1136">
     <span class='ocr_line' id='line_1_20' title="bbox 358 1085 1502 1136; baseline -0.001 -12"><span class='ocrx_word' id='word_1_100' title='bbox 358 1085 410 1124; x_wconf 92' lang='lat' dir='ltr'><strong>H.</strong></span> <span class='ocrx_word' id='word_1_101' title='bbox 439 1088 478 1135; x_wconf 89' lang='lat'><strong>3,</strong></span> <span class='ocrx_word' id='word_1_102' title='bbox 506 1088 557 1126; x_wconf 85' lang='lat'><strong>58</strong></span> <span class='ocrx_word' id='word_1_103' title='bbox 583 1085 612 1124; x_wconf 91' lang='lat' dir='ltr'><strong>f.</strong></span> <span class='ocrx_word' id='word_1_104' title='bbox 640 1086 770 1136; x_wconf 92' lang='lat' dir='ltr'><strong>primo</strong></span> <span class='ocrx_word' id='word_1_105' title='bbox 799 1090 1046 1135; x_wconf 85' lang='lat' dir='ltr'><strong>cunctanter,</strong></span> <span class='ocrx_word' id='word_1_106' title='bbox 1058 1096 1214 1124; x_wconf 86' lang='lat' dir='ltr'><strong>—mox</strong></span> <span class='ocrx_word' id='word_1_107' title='bbox 1234 1085 1502 1135; x_wconf 89' lang='lat' dir='ltr'><strong>contemptim.</strong></span> 
     </span>
    </p>
   </div>
   <div class='ocr_carea' id='block_1_6' title="bbox 794 1155 969 1160">
    <p class='ocr_par' dir='ltr' id='par_1_18' title="bbox 794 1155 969 1160">
     <span class='ocr_line' id='line_1_21' title="bbox 794 1155 969 1160; baseline 0 0"><span class='ocrx_word' id='word_1_108' title='bbox 794 1155 969 1160; x_wconf 95' lang='lat' dir='ltr'><strong> </strong></span> 
     </span>
    </p>
   </div>
   <div class='ocr_carea' id='block_1_7' title="bbox 355 1187 1504 1584">
    <p class='ocr_par' dir='ltr' id='par_1_19' title="bbox 364 1187 1292 1237">
     <span class='ocr_line' id='line_1_22' title="bbox 364 1187 1292 1237; baseline -0.001 -11"><span class='ocrx_word' id='word_1_109' title='bbox 364 1187 414 1226; x_wconf 97' lang='lat' dir='ltr'><strong>A.</strong></span> <span class='ocrx_word' id='word_1_110' title='bbox 443 1190 482 1237; x_wconf 92' lang='grc'>2,</span> <span class='ocrx_word' id='word_1_111' title='bbox 509 1190 563 1226; x_wconf 88' lang='grc'><strong>40</strong></span> <span class='ocrx_word' id='word_1_112' title='bbox 588 1190 825 1228; x_wconf 83' lang='lat' dir='ltr'><strong>clandestini</strong></span> <span class='ocrx_word' id='word_1_113' title='bbox 853 1193 991 1228; x_wconf 88' lang='lat' dir='ltr'><strong>coetus</strong></span> <span class='ocrx_word' id='word_1_114' title='bbox 1018 1188 1292 1226; x_wconf 88' lang='lat' dir='ltr'><strong>celebrabant.</strong></span> 
     </span>
    </p>

    <p class='ocr_par' dir='ltr' id='par_1_20' title="bbox 358 1238 1504 1328">
     <span class='ocr_line' id='line_1_23' title="bbox 358 1238 1504 1288; baseline -0.001 -10"><span class='ocrx_word' id='word_1_115' title='bbox 358 1239 409 1278; x_wconf 92' lang='lat' dir='ltr'><strong>A.</strong></span> <span class='ocrx_word' id='word_1_116' title='bbox 438 1241 499 1288; x_wconf 92' lang='grc'><strong>15,</strong></span> <span class='ocrx_word' id='word_1_117' title='bbox 527 1241 579 1278; x_wconf 87' lang='grc'>40</span> <span class='ocrx_word' id='word_1_118' title='bbox 616 1240 827 1279; x_wconf 79' lang='lat' dir='ltr'><strong>continuae</strong></span> <span class='ocrx_word' id='word_1_119' title='bbox 865 1239 1082 1279; x_wconf 87' lang='lat' dir='ltr'><strong>violentiae</strong></span> <span class='ocrx_word' id='word_1_120' title='bbox 1115 1250 1282 1288; x_wconf 82' lang='lat' dir='ltr'><strong>campus</strong></span> <span class='ocrx_word' id='word_1_121' title='bbox 1320 1241 1362 1277; x_wconf 89' lang='lat' dir='ltr'><strong>et</strong></span> <span class='ocrx_word' id='word_1_122' title='bbox 1393 1238 1504 1277; x_wconf 87' lang='lat' dir='ltr'><strong>velut</strong></span> 
     </span>
     <span class='ocr_line' id='line_1_24' title="bbox 414 1290 778 1329; baseline 0.006 -3"><span class='ocrx_word' id='word_1_123' title='bbox 414 1300 583 1327; x_wconf 87' lang='lat' dir='ltr'><strong>vacuum</strong></span> <span class='ocrx_word' id='word_1_124' title='bbox 612 1290 778 1329; x_wconf 90' lang='lat' dir='ltr'><strong>caelum.</strong></span> 
     </span>
    </p>

    <p class='ocr_par' dir='ltr' id='par_1_21' title="bbox 358 1338 1502 1390">
     <span class='ocr_line' id='line_1_25' title="bbox 358 1338 1502 1390; baseline 0 -13"><span class='ocrx_word' id='word_1_125' title='bbox 358 1338 409 1377; x_wconf 92' lang='lat' dir='ltr'><strong>H.</strong></span> <span class='ocrx_word' id='word_1_126' title='bbox 440 1342 476 1388; x_wconf 90' lang='lat'>1,</span> <span class='ocrx_word' id='word_1_127' title='bbox 494 1340 544 1378; x_wconf 89' lang='grc'><strong>52</strong></span> <span class='ocrx_word' id='word_1_128' title='bbox 565 1341 812 1390; x_wconf 88' lang='lat' dir='ltr'><strong>consulatus,</strong></span> <span class='ocrx_word' id='word_1_129' title='bbox 824 1352 1047 1390; x_wconf 90' lang='lat' dir='ltr'><strong>censuram</strong></span> <span class='ocrx_word' id='word_1_130' title='bbox 1067 1340 1290 1389; x_wconf 88' lang='lat' dir='ltr'><strong>conlegium</strong></span> <span class='ocrx_word' id='word_1_131' title='bbox 1305 1339 1502 1378; x_wconf 84' lang='lat' dir='ltr'><strong>Caesaris.</strong></span> 
     </span>
    </p>

    <p class='ocr_par' dir='ltr' id='par_1_22' title="bbox 361 1389 1502 1481">
     <span class='ocr_line' id='line_1_26' title="bbox 361 1389 1502 1439; baseline 0.001 -12"><span class='ocrx_word' id='word_1_132' title='bbox 361 1389 412 1427; x_wconf 91' lang='lat' dir='ltr'><strong>H.</strong></span> <span class='ocrx_word' id='word_1_133' title='bbox 441 1392 478 1439; x_wconf 89' lang='grc'>2,</span> <span class='ocrx_word' id='word_1_134' title='bbox 508 1393 556 1430; x_wconf 87' lang='grc'><strong>91</strong></span> <span class='ocrx_word' id='word_1_135' title='bbox 598 1392 760 1430; x_wconf 91' lang='lat' dir='ltr'><strong>comitia</strong></span> <span class='ocrx_word' id='word_1_136' title='bbox 789 1393 995 1431; x_wconf 88' lang='lat' dir='ltr'><strong>consulum</strong></span> <span class='ocrx_word' id='word_1_137' title='bbox 1024 1403 1113 1431; x_wconf 91' lang='lat' dir='ltr'><strong>cum</strong></span> <span class='ocrx_word' id='word_1_138' title='bbox 1141 1391 1369 1430; x_wconf 88' lang='lat' dir='ltr'><strong>candidatis</strong></span> <span class='ocrx_word' id='word_1_139' title='bbox 1409 1390 1502 1429; x_wconf 88' lang='lat' dir='ltr'><strong>civi-</strong></span> 
     </span>
     <span class='ocr_line' id='line_1_27' title="bbox 411 1440 753 1481; baseline 0.009 -3"><span class='ocrx_word' id='word_1_140' title='bbox 411 1440 505 1479; x_wconf 89' lang='lat' dir='ltr'><strong>liter</strong></span> <span class='ocrx_word' id='word_1_141' title='bbox 532 1442 753 1481; x_wconf 85' lang='lat' dir='ltr'><strong>celebrans.</strong></span> 
     </span>
    </p>

    <p class='ocr_par' dir='ltr' id='par_1_23' title="bbox 355 1491 1503 1584">
     <span class='ocr_line' id='line_1_28' title="bbox 355 1491 1503 1550; baseline 0 -20"><span class='ocrx_word' id='word_1_142' title='bbox 355 1491 404 1530; x_wconf 88' lang='lat' dir='ltr'><strong>A.</strong></span> <span class='ocrx_word' id='word_1_143' title='bbox 433 1494 471 1550; x_wconf 90' lang='grc'><strong>4,</strong></span> <span class='ocrx_word' id='word_1_144' title='bbox 499 1493 549 1531; x_wconf 88' lang='grc'>27</span> <span class='ocrx_word' id='word_1_145' title='bbox 579 1493 877 1533; x_wconf 84' lang='lat' dir='ltr'><strong>classiariorum</strong></span> <span class='ocrx_word' id='word_1_146' title='bbox 892 1494 1009 1544; x_wconf 90' lang='lat' dir='ltr'><strong>copia</strong></span> <span class='ocrx_word' id='word_1_147' title='bbox 1023 1495 1277 1543; x_wconf 84' lang='lat' dir='ltr'><strong>coeptantem</strong></span> <span class='ocrx_word' id='word_1_148' title='bbox 1291 1504 1411 1542; x_wconf 90' lang='lat' dir='ltr'><strong>quum</strong></span> <span class='ocrx_word' id='word_1_149' title='bbox 1423 1503 1503 1530; x_wconf 89' lang='lat' dir='ltr'><strong>ma-</strong></span> 
     </span>
     <span class='ocr_line' id='line_1_29' title="bbox 409 1541 872 1584; baseline 0.009 -3"><span class='ocrx_word' id='word_1_150' title='bbox 409 1541 516 1583; x_wconf 86' lang='lat' dir='ltr'><strong>xime</strong></span> <span class='ocrx_word' id='word_1_151' title='bbox 545 1542 872 1584; x_wconf 88' lang='lat' dir='ltr'><strong>coniurationem.</strong></span> 
     </span>
    </p>
   </div>
   <div class='ocr_carea' id='block_1_8' title="bbox 357 1594 1526 1651">
    <p class='ocr_par' dir='ltr' id='par_1_24' title="bbox 357 1594 1526 1651">
     <span class='ocr_line' id='line_1_30' title="bbox 357 1594 1526 1651; baseline -0.001 -19"><span class='ocrx_word' id='word_1_152' title='bbox 357 1594 408 1632; x_wconf 93' lang='lat' dir='ltr'><strong>H.</strong></span> <span class='ocrx_word' id='word_1_153' title='bbox 437 1596 475 1643; x_wconf 90' lang='grc'>2,</span> <span class='ocrx_word' id='word_1_154' title='bbox 504 1596 529 1634; x_wconf 88' lang='grc'>8</span> <span class='ocrx_word' id='word_1_155' title='bbox 558 1596 914 1646; x_wconf 88' lang='lat' dir='ltr'><strong>credentibusque:</strong></span> <span class='ocrx_word' id='word_1_156' title='bbox 944 1599 1165 1635; x_wconf 89' lang='lat' dir='ltr'><strong>ceterorum</strong></span> <span class='ocrx_word' id='word_1_157' title='bbox 1185 1606 1303 1634; x_wconf 87' lang='lat' dir='ltr'><strong>casus</strong></span> <span class='ocrx_word' id='word_1_158' title='bbox 1322 1598 1504 1633; x_wconf 79' lang='lat' dir='ltr'><strong>conatus·</strong></span> <span class='ocrx_word' id='word_1_159' title='bbox 1522 1646 1526 1651; x_wconf 14' lang='grc' dir='ltr'><em>ς</em></span> 
     </span>
    </p>
   </div>
   <div class='ocr_carea' id='block_1_9' title="bbox 360 1646 1505 1961">
    <p class='ocr_par' dir='ltr' id='par_1_25' title="bbox 411 1646 1065 1696">
     <span class='ocr_line' id='line_1_31' title="bbox 411 1646 1065 1696; baseline 0.006 -13"><span class='ocrx_word' id='word_1_160' title='bbox 411 1656 491 1696; x_wconf 92' lang='lat' dir='ltr'><strong>que</strong></span> <span class='ocrx_word' id='word_1_161' title='bbox 518 1646 559 1684; x_wconf 91' lang='lat' dir='ltr'><strong>in</strong></span> <span class='ocrx_word' id='word_1_162' title='bbox 589 1650 780 1686; x_wconf 87' lang='lat' dir='ltr'><strong>contextu</strong></span> <span class='ocrx_word' id='word_1_163' title='bbox 808 1660 844 1686; x_wconf 95' lang='lat' dir='ltr'><strong>o.</strong></span> <span class='ocrx_word' id='word_1_164' title='bbox 874 1647 1065 1687; x_wconf 84' lang='lat' dir='ltr'><strong>dicemus.</strong></span> 
     </span>
    </p>

    <p class='ocr_par' dir='ltr' id='par_1_26' title="bbox 360 1696 1505 1850">
     <span class='ocr_line' id='line_1_32' title="bbox 360 1696 1505 1748; baseline 0 -14"><span class='ocrx_word' id='word_1_165' title='bbox 360 1696 411 1734; x_wconf 92' lang='lat' dir='ltr'><strong>H.</strong></span> <span class='ocrx_word' id='word_1_166' title='bbox 440 1699 478 1746; x_wconf 89' lang='grc'>2,</span> <span class='ocrx_word' id='word_1_167' title='bbox 506 1700 558 1735; x_wconf 93' lang='grc'>42</span> <span class='ocrx_word' id='word_1_168' title='bbox 587 1700 764 1737; x_wconf 89' lang='lat' dir='ltr'><strong>cominus</strong></span> <span class='ocrx_word' id='word_1_169' title='bbox 793 1700 1025 1748; x_wconf 88' lang='lat' dir='ltr'><strong>eminusque</strong></span> <span class='ocrx_word' id='word_1_170' title='bbox 1057 1698 1232 1737; x_wconf 85' lang='lat' dir='ltr'><strong>catervis</strong></span> <span class='ocrx_word' id='word_1_171' title='bbox 1270 1700 1340 1737; x_wconf 88' lang='lat' dir='ltr'><strong>aut</strong></span> <span class='ocrx_word' id='word_1_172' title='bbox 1369 1696 1505 1735; x_wconf 88' lang='lat' dir='ltr'><strong>cuncis</strong></span> 
     </span>
     <span class='ocr_line' id='line_1_33' title="bbox 414 1749 1503 1801; baseline 0 -14"><span class='ocrx_word' id='word_1_173' title='bbox 414 1749 708 1790; x_wconf 89' lang='lat' dir='ltr'><strong>concurrebant</strong></span> <span class='ocrx_word' id='word_1_174' title='bbox 733 1773 785 1778; x_wconf 97' lang='lat'><strong>—</strong></span> <span class='ocrx_word' id='word_1_175' title='bbox 813 1751 971 1790; x_wconf 90' lang='lat' dir='ltr'><strong>conlato</strong></span> <span class='ocrx_word' id='word_1_176' title='bbox 1010 1749 1152 1801; x_wconf 88' lang='lat' dir='ltr'><strong>gradu,</strong></span> <span class='ocrx_word' id='word_1_177' title='bbox 1192 1749 1426 1801; x_wconf 84' lang='lat' dir='ltr'><strong>corporibus</strong></span> <span class='ocrx_word' id='word_1_178' title='bbox 1452 1771 1503 1777; x_wconf 93' lang='lat'>—</span> 
     </span>
     <span class='ocr_line' id='line_1_34' title="bbox 413 1800 1044 1850; baseline 0.006 -14"><span class='ocrx_word' id='word_1_179' title='bbox 413 1800 558 1838; x_wconf 86' lang='lat' dir='ltr'><strong>ceteris</strong></span> <span class='ocrx_word' id='word_1_180' title='bbox 586 1800 792 1850; x_wconf 85' lang='lat' dir='ltr'><strong>conspicui</strong></span> <span class='ocrx_word' id='word_1_181' title='bbox 821 1802 1044 1840; x_wconf 88' lang='lat' dir='ltr'><strong>certabant.</strong></span> 
     </span>
    </p>

    <p class='ocr_par' dir='ltr' id='par_1_27' title="bbox 361 1848 1500 1953">
     <span class='ocr_line' id='line_1_35' title="bbox 361 1848 1500 1902; baseline 0.001 -15"><span class='ocrx_word' id='word_1_182' title='bbox 361 1848 412 1886; x_wconf 90' lang='lat' dir='ltr'><strong>H.</strong></span> <span class='ocrx_word' id='word_1_183' title='bbox 440 1851 476 1897; x_wconf 90' lang='grc'><strong>3,</strong></span> <span class='ocrx_word' id='word_1_184' title='bbox 505 1852 555 1890; x_wconf 86' lang='grc'><strong>29</strong></span> <span class='ocrx_word' id='word_1_185' title='bbox 591 1852 830 1900; x_wconf 90' lang='lat' dir='ltr'><strong>conspicuus</strong></span> <span class='ocrx_word' id='word_1_186' title='bbox 864 1874 916 1881; x_wconf 93' lang='lat'>—</span> <span class='ocrx_word' id='word_1_187' title='bbox 954 1855 1074 1902; x_wconf 85' lang='lat' dir='ltr'><strong>capta</strong></span> <span class='ocrx_word' id='word_1_188' title='bbox 1111 1854 1245 1891; x_wconf 85' lang='lat' dir='ltr'><strong>castra</strong></span> <span class='ocrx_word' id='word_1_189' title='bbox 1281 1851 1500 1890; x_wconf 86' lang='lat' dir='ltr'><strong>conclama-</strong></span> 
     </span>
     <span class='ocr_line' id='line_1_36' title="bbox 414 1879 1387 1961; baseline 0.001 -21"><span class='ocrx_word' id='word_1_190' title='bbox 414 1879 496 1939; x_wconf 68' lang='lat' dir='ltr'><strong>vit&#39;:</strong></span> <span class='ocrx_word' id='word_1_191' title='bbox 526 1902 649 1941; x_wconf 86' lang='lat' dir='ltr'><strong>ceteri</strong></span> <span class='ocrx_word' id='word_1_192' title='bbox 676 1925 727 1932; x_wconf 93' lang='lat'>-</span> <span class='ocrx_word' id='word_1_193' title='bbox 755 1903 1130 1953; x_wconf 85' lang='lat' dir='ltr'><strong>praecipitantibus,</strong></span> <span class='ocrx_word' id='word_1_194' title='bbox 1158 1913 1387 1961; x_wconf 82' lang='lat' dir='ltr'><strong>perrupere.</strong></span> 
     </span>
    </p>
   </div>
   <div class='ocr_carea' id='block_1_10' title="bbox 357 2007 1502 2205">
    <p class='ocr_par' dir='ltr' id='par_1_28' title="bbox 357 2007 1502 2205">
     <span class='ocr_line' id='line_1_37' title="bbox 845 2007 907 2040; baseline 0.016 -1"><span class='ocrx_word' id='word_1_195' title='bbox 845 2007 907 2040; x_wconf 65' lang='grc' dir='ltr'><strong>Β.</strong></span> 
     </span>
     <span class='ocr_line' id='line_1_38' title="bbox 360 2052 1502 2098; baseline -0.001 -5"><span class='ocrx_word' id='word_1_196' title='bbox 360 2052 689 2096; x_wconf 88' lang='lat' dir='ltr'><strong>Dissensionibus</strong></span> <span class='ocrx_word' id='word_1_197' title='bbox 729 2059 769 2097; x_wconf 89' lang='lat' dir='ltr'><strong>et</strong></span> <span class='ocrx_word' id='word_1_198' title='bbox 809 2056 1034 2097; x_wconf 85' lang='lat' dir='ltr'><strong>discordiis.</strong></span> <span class='ocrx_word' id='word_1_199' title='bbox 1091 2058 1138 2098; x_wconf 88' lang='lat'><strong>18</strong></span> <span class='ocrx_word' id='word_1_200' title='bbox 1167 2055 1342 2096; x_wconf 88' lang='lat' dir='ltr'><strong>deterius</strong></span> <span class='ocrx_word' id='word_1_201' title='bbox 1368 2077 1416 2083; x_wconf 82' lang='grc'><strong>-</strong></span> <span class='ocrx_word' id='word_1_202' title='bbox 1447 2053 1502 2092; x_wconf 90' lang='lat' dir='ltr'><strong>di-</strong></span> 
     </span>
     <span class='ocr_line' id='line_1_39' title="bbox 412 2114 585 2145; baseline 0.012 -2"><span class='ocrx_word' id='word_1_203' title='bbox 412 2114 585 2145; x_wconf 80' lang='lat' dir='ltr'><strong>versum.</strong></span> 
     </span>
     <span class='ocr_line' id='line_1_40' title="bbox 357 2156 1192 2205; baseline 0.004 -11"><span class='ocrx_word' id='word_1_204' title='bbox 357 2156 434 2205; x_wconf 90' lang='lat' dir='ltr'><strong>Ag.</strong></span> <span class='ocrx_word' id='word_1_205' title='bbox 464 2160 513 2196; x_wconf 94' lang='grc'><strong>32</strong></span> <span class='ocrx_word' id='word_1_206' title='bbox 542 2158 863 2198; x_wconf 86' lang='lat' dir='ltr'><strong>dissensionibus</strong></span> <span class='ocrx_word' id='word_1_207' title='bbox 889 2172 938 2198; x_wconf 91' lang='lat' dir='ltr'><strong>ac</strong></span> <span class='ocrx_word' id='word_1_208' title='bbox 967 2159 1192 2197; x_wconf 84' lang='lat' dir='ltr'><strong>discordiis.</strong></span> 
     </span>
    </p>
   </div>
   <div class='ocr_carea' id='block_1_11' title="bbox 359 2207 1503 2502">
    <p class='ocr_par' dir='ltr' id='par_1_29' title="bbox 360 2207 1502 2350">
     <span class='ocr_line' id='line_1_41' title="bbox 360 2207 1501 2259; baseline -0.001 -13"><span class='ocrx_word' id='word_1_209' title='bbox 360 2207 410 2246; x_wconf 90' lang='lat' dir='ltr'><strong>H.</strong></span> <span class='ocrx_word' id='word_1_210' title='bbox 439 2210 476 2257; x_wconf 90' lang='lat'><strong>3,</strong></span> <span class='ocrx_word' id='word_1_211' title='bbox 505 2209 555 2248; x_wconf 91' lang='lat'><strong>66</strong></span> <span class='ocrx_word' id='word_1_212' title='bbox 584 2209 798 2249; x_wconf 88' lang='lat' dir='ltr'><strong>discrimen</strong></span> <span class='ocrx_word' id='word_1_213' title='bbox 825 2221 874 2249; x_wconf 87' lang='lat' dir='ltr'><strong>ac</strong></span> <span class='ocrx_word' id='word_1_214' title='bbox 903 2209 1089 2249; x_wconf 85' lang='lat' dir='ltr'><strong>dedecus.</strong></span> <span class='ocrx_word' id='word_1_215' title='bbox 1123 2210 1174 2249; x_wconf 89' lang='lat' dir='ltr'><strong>H.</strong></span> <span class='ocrx_word' id='word_1_216' title='bbox 1205 2212 1239 2259; x_wconf 92' lang='lat'>1,</span> <span class='ocrx_word' id='word_1_217' title='bbox 1269 2211 1315 2248; x_wconf 84' lang='grc'><strong>71</strong></span> <span class='ocrx_word' id='word_1_218' title='bbox 1345 2207 1501 2247; x_wconf 88' lang='lat' dir='ltr'><strong>nonde-</strong></span> 
     </span>
     <span class='ocr_line' id='line_1_42' title="bbox 415 2259 1502 2309; baseline 0.001 -14"><span class='ocrx_word' id='word_1_219' title='bbox 415 2259 519 2296; x_wconf 88' lang='lat' dir='ltr'><strong>liciis</strong></span> <span class='ocrx_word' id='word_1_220' title='bbox 555 2271 686 2309; x_wconf 88' lang='lat' dir='ltr'><strong>neque</strong></span> <span class='ocrx_word' id='word_1_221' title='bbox 716 2261 871 2298; x_wconf 90' lang='lat' dir='ltr'><strong>desidia</strong></span> <span class='ocrx_word' id='word_1_222' title='bbox 896 2282 947 2288; x_wconf 84' lang='lat'><strong>—</strong></span> <span class='ocrx_word' id='word_1_223' title='bbox 972 2262 1123 2299; x_wconf 87' lang='lat' dir='ltr'><strong>dilatae</strong></span> <span class='ocrx_word' id='word_1_224' title='bbox 1154 2262 1396 2308; x_wconf 88' lang='lat' dir='ltr'><strong>voluptates,</strong></span> <span class='ocrx_word' id='word_1_225' title='bbox 1426 2260 1502 2296; x_wconf 85' lang='lat' dir='ltr'><strong>dis-</strong></span> 
     </span>
     <span class='ocr_line' id='line_1_43' title="bbox 410 2309 797 2350; baseline 0.005 -3"><span class='ocrx_word' id='word_1_226' title='bbox 410 2309 597 2349; x_wconf 88' lang='lat' dir='ltr'><strong>simulata</strong></span> <span class='ocrx_word' id='word_1_227' title='bbox 626 2311 797 2350; x_wconf 85' lang='lat' dir='ltr'><strong>luxuria.</strong></span> 
     </span>
    </p>

    <p class='ocr_par' dir='ltr' id='par_1_30' title="bbox 359 2361 1134 2409">
     <span class='ocr_line' id='line_1_44' title="bbox 359 2361 1134 2409; baseline 0.001 -8"><span class='ocrx_word' id='word_1_228' title='bbox 359 2361 408 2401; x_wconf 91' lang='lat' dir='ltr'><strong>A.</strong></span> <span class='ocrx_word' id='word_1_229' title='bbox 437 2362 474 2409; x_wconf 90' lang='lat'>6,</span> <span class='ocrx_word' id='word_1_230' title='bbox 501 2362 551 2401; x_wconf 87' lang='grc'>32</span> <span class='ocrx_word' id='word_1_231' title='bbox 580 2361 899 2402; x_wconf 84' lang='lat' dir='ltr'><strong>dissimulatione</strong></span> <span class='ocrx_word' id='word_1_232' title='bbox 927 2373 976 2402; x_wconf 89' lang='lat' dir='ltr'><strong>ac</strong></span> <span class='ocrx_word' id='word_1_233' title='bbox 1005 2361 1134 2402; x_wconf 91' lang='lat' dir='ltr'><strong>donis.</strong></span> 
     </span>
    </p>

    <p class='ocr_par' dir='ltr' id='par_1_31' title="bbox 361 2412 1503 2501">
     <span class='ocr_line' id='line_1_45' title="bbox 361 2412 1503 2501; baseline -0.001 -48"><span class='ocrx_word' id='word_1_234' title='bbox 361 2413 488 2501; x_wconf 71' lang='lat' dir='ltr'><strong>G.d16</strong></span> <span class='ocrx_word' id='word_1_235' title='bbox 517 2413 682 2452; x_wconf 85' lang='lat' dir='ltr'><strong>discreti</strong></span> <span class='ocrx_word' id='word_1_236' title='bbox 709 2426 758 2453; x_wconf 88' lang='lat' dir='ltr'><strong>ac</strong></span> <span class='ocrx_word' id='word_1_237' title='bbox 786 2414 948 2453; x_wconf 87' lang='lat' dir='ltr'><strong>diversi.</strong></span> <span class='ocrx_word' id='word_1_238' title='bbox 1004 2415 1054 2453; x_wconf 91' lang='lat' dir='ltr'><strong>H.</strong></span> <span class='ocrx_word' id='word_1_239' title='bbox 1084 2417 1120 2464; x_wconf 90' lang='lat'><strong>3,</strong></span> <span class='ocrx_word' id='word_1_240' title='bbox 1150 2416 1198 2454; x_wconf 92' lang='lat'><strong>15</strong></span> <span class='ocrx_word' id='word_1_241' title='bbox 1227 2412 1433 2453; x_wconf 86' lang='lat' dir='ltr'><strong>discordes</strong></span> <span class='ocrx_word' id='word_1_242' title='bbox 1454 2435 1503 2440; x_wconf 93' lang='lat'>—</span> 
     </span>
    </p>

    <p class='ocr_par' dir='ltr' id='par_1_32' title="bbox 439 2464 620 2502">
     <span class='ocr_line' id='line_1_46' title="bbox 439 2464 620 2502; baseline 0.012 -2"><span class='ocrx_word' id='word_1_243' title='bbox 439 2464 620 2502; x_wconf 89' lang='lat' dir='ltr'><strong>iscretos.</strong></span> 
     </span>
    </p>
   </div>
   <div class='ocr_carea' id='block_1_12' title="bbox 360 2513 1503 2604">
    <p class='ocr_par' dir='ltr' id='par_1_33' title="bbox 360 2513 1503 2603">
     <span class='ocr_line' id='line_1_47' title="bbox 360 2513 1503 2602; baseline 0 -49"><span class='ocrx_word' id='word_1_244' title='bbox 360 2513 476 2602; x_wconf 51' lang='lat' dir='ltr'><strong>H.e{3,</strong></span> <span class='ocrx_word' id='word_1_245' title='bbox 481 2515 555 2602; x_wconf 63' lang='grc'>(153</span> <span class='ocrx_word' id='word_1_246' title='bbox 588 2514 796 2556; x_wconf 84' lang='lat' dir='ltr'><strong>discordes</strong></span> <span class='ocrx_word' id='word_1_247' title='bbox 829 2514 1127 2567; x_wconf 89' lang='lat' dir='ltr'><strong>dispersasque.</strong></span> <span class='ocrx_word' id='word_1_248' title='bbox 1172 2516 1221 2556; x_wconf 88' lang='lat' dir='ltr'><strong>A.</strong></span> <span class='ocrx_word' id='word_1_249' title='bbox 1239 2517 1278 2566; x_wconf 95' lang='grc'><strong>2,</strong></span> <span class='ocrx_word' id='word_1_250' title='bbox 1298 2517 1348 2557; x_wconf 86' lang='grc'><strong>43</strong></span> <span class='ocrx_word' id='word_1_251' title='bbox 1373 2515 1503 2555; x_wconf 86' lang='lat' dir='ltr'><strong>divisa</strong></span> 
     </span>
     <span class='ocr_line' id='line_1_48' title="bbox 509 2577 649 2604; baseline 0.008 -2"><span class='ocrx_word' id='word_1_252' title='bbox 509 2577 649 2604; x_wconf 74' lang='lat' dir='ltr'><strong>lSCOl‘S.</strong></span> 
     </span>
    </p>
   </div>
   <div class='ocr_carea' id='block_1_13' title="bbox 357 2617 1231 2665">
    <p class='ocr_par' dir='ltr' id='par_1_34' title="bbox 357 2617 1231 2665">
     <span class='ocr_line' id='line_1_49' title="bbox 357 2617 1231 2665; baseline 0.005 -11"><span class='ocrx_word' id='word_1_253' title='bbox 357 2617 405 2654; x_wconf 93' lang='lat' dir='ltr'><strong>A.</strong></span> <span class='ocrx_word' id='word_1_254' title='bbox 437 2617 498 2665; x_wconf 91' lang='lat'><strong>15,</strong></span> <span class='ocrx_word' id='word_1_255' title='bbox 530 2620 580 2656; x_wconf 91' lang='lat'><strong>10</strong></span> <span class='ocrx_word' id='word_1_256' title='bbox 606 2629 657 2655; x_wconf 90' lang='grc' dir='ltr'><strong>ιιι.</strong></span> <span class='ocrx_word' id='word_1_257' title='bbox 686 2618 726 2655; x_wconf 88' lang='grc'><strong>111</strong></span> <span class='ocrx_word' id='word_1_258' title='bbox 756 2617 916 2656; x_wconf 83' lang='lat' dir='ltr'><strong>diversa</strong></span> <span class='ocrx_word' id='word_1_259' title='bbox 943 2630 992 2656; x_wconf 90' lang='lat' dir='ltr'><strong>ac</strong></span> <span class='ocrx_word' id='word_1_260' title='bbox 1020 2617 1231 2658; x_wconf 85' lang='lat' dir='ltr'><strong>deteriora.</strong></span> 
     </span>
    </p>
   </div>
   <div class='ocr_carea' id='block_1_14' title="bbox 356 2719 1497 3077">
    <p class='ocr_par' dir='ltr' id='par_1_35' title="bbox 356 2719 1468 2913">
     <span class='ocr_line' id='line_1_50' title="bbox 356 2719 1468 2812; baseline 0.003 -4"><span class='ocrx_word' id='word_1_261' title='bbox 356 2769 530 2809; x_wconf 83' lang='lat' dir='ltr'><strong>Excudit</strong></span> <span class='ocrx_word' id='word_1_262' title='bbox 557 2774 599 2810; x_wconf 92' lang='lat' dir='ltr'><strong>et</strong></span> <span class='ocrx_word' id='word_1_263' title='bbox 626 2719 956 2810; x_wconf 52' lang='lat' dir='ltr'><strong>elucubravi?·—</strong></span> <span class='ocrx_word' id='word_1_264' title='bbox 983 2769 1195 2810; x_wconf 87' lang='lat' dir='ltr'><strong>elaborare</strong></span> <span class='ocrx_word' id='word_1_265' title='bbox 1229 2775 1270 2811; x_wconf 89' lang='lat' dir='ltr'><strong>et</strong></span> <span class='ocrx_word' id='word_1_266' title='bbox 1298 2770 1468 2812; x_wconf 83' lang='lat' dir='ltr'><strong>efficere.</strong></span> 
     </span>
     <span class='ocr_line' id='line_1_51' title="bbox 842 2823 1404 2862; baseline 0 0"><span class='ocrx_word' id='word_1_267' title='bbox 842 2825 895 2862; x_wconf 89' lang='lat'><strong>30</strong></span> <span class='ocrx_word' id='word_1_268' title='bbox 922 2823 1099 2862; x_wconf 84' lang='lat' dir='ltr'><strong>exundat</strong></span> <span class='ocrx_word' id='word_1_269' title='bbox 1129 2827 1171 2862; x_wconf 86' lang='lat' dir='ltr'><strong>et</strong></span> <span class='ocrx_word' id='word_1_270' title='bbox 1198 2823 1404 2862; x_wconf 85' lang='lat' dir='ltr'><strong>exuberat.</strong></span> 
     </span>
     <span class='ocr_line' id='line_1_52' title="bbox 359 2871 774 2913; baseline 0.007 -4"><span class='ocrx_word' id='word_1_271' title='bbox 359 2871 504 2911; x_wconf 83' lang='lat' dir='ltr'><strong>eminet</strong></span> <span class='ocrx_word' id='word_1_272' title='bbox 533 2877 573 2912; x_wconf 90' lang='lat' dir='ltr'><strong>et</strong></span> <span class='ocrx_word' id='word_1_273' title='bbox 600 2874 774 2913; x_wconf 82' lang='lat' dir='ltr'><strong>excellit.</strong></span> 
     </span>
    </p>

    <p class='ocr_par' dir='ltr' id='par_1_36' title="bbox 356 2922 1497 3077">
     <span class='ocr_line' id='line_1_53' title="bbox 358 2922 1497 2976; baseline 0.004 -16"><span class='ocrx_word' id='word_1_274' title='bbox 358 2922 410 2960; x_wconf 97' lang='lat' dir='ltr'><strong>H.</strong></span> <span class='ocrx_word' id='word_1_275' title='bbox 439 2925 475 2971; x_wconf 87' lang='lat'><strong>3,</strong></span> <span class='ocrx_word' id='word_1_276' title='bbox 502 2926 539 2963; x_wconf 88' lang='grc'><strong>2.</strong></span> <span class='ocrx_word' id='word_1_277' title='bbox 570 2927 617 2965; x_wconf 87' lang='grc'><strong>19</strong></span> <span class='ocrx_word' id='word_1_278' title='bbox 657 2925 815 2975; x_wconf 88' lang='lat' dir='ltr'><strong>equites</strong></span> <span class='ocrx_word' id='word_1_279' title='bbox 843 2937 1062 2975; x_wconf 89' lang='lat' dir='ltr'><strong>equosque.</strong></span> <span class='ocrx_word' id='word_1_280' title='bbox 1117 2925 1167 2964; x_wconf 84' lang='lat' dir='ltr'><strong>A.</strong></span> <span class='ocrx_word' id='word_1_281' title='bbox 1195 2927 1233 2976; x_wconf 90' lang='grc'>2,</span> <span class='ocrx_word' id='word_1_282' title='bbox 1261 2927 1286 2965; x_wconf 89' lang='grc'><strong>5</strong></span> <span class='ocrx_word' id='word_1_283' title='bbox 1325 2926 1497 2976; x_wconf 86' lang='lat' dir='ltr'><strong>equitem</strong></span> 
     </span>
     <span class='ocr_line' id='line_1_54' title="bbox 356 2984 1187 3077; baseline 0.005 -15"><span class='ocrx_word' id='word_1_284' title='bbox 356 2984 760 3077; x_wconf 48' lang='lat' dir='ltr'><strong>H.e(5l:l⁰2s4lugx·sulem</strong></span> <span class='ocrx_word' id='word_1_285' title='bbox 787 3039 876 3066; x_wconf 90' lang='lat' dir='ltr'><strong>eum</strong></span> <span class='ocrx_word' id='word_1_286' title='bbox 905 3030 947 3066; x_wconf 89' lang='lat' dir='ltr'><strong>et</strong></span> <span class='ocrx_word' id='word_1_287' title='bbox 974 3030 1187 3066; x_wconf 86' lang='lat' dir='ltr'><strong>extorrem.</strong></span> 
     </span>
    </p>
   </div>
   <div class='ocr_carea' id='block_1_15' title="bbox 851 3130 908 3164">
    <p class='ocr_par' dir='ltr' id='par_1_37' title="bbox 851 3130 908 3164">
     <span class='ocr_line' id='line_1_55' title="bbox 851 3130 908 3164; baseline 0 0"><span class='ocrx_word' id='word_1_288' title='bbox 851 3130 908 3164; x_wconf 67' lang='lat'><strong>1⁸¹·</strong></span> 
     </span>
    </p>
   </div>
   <div class='ocr_carea' id='block_1_16' title="bbox 356 3177 1503 3376">
    <p class='ocr_par' dir='ltr' id='par_1_38' title="bbox 356 3177 1503 3376">
     <span class='ocr_line' id='line_1_56' title="bbox 356 3177 1503 3233; baseline 0.008 -17"><span class='ocrx_word' id='word_1_289' title='bbox 356 3177 503 3220; x_wconf 87' lang='lat' dir='ltr'><strong>Forum</strong></span> <span class='ocrx_word' id='word_1_290' title='bbox 531 3180 772 3233; x_wconf 83' lang='lat' dir='ltr'><strong>famamque.</strong></span> <span class='ocrx_word' id='word_1_291' title='bbox 825 3183 888 3221; x_wconf 88' lang='grc'><strong>37.</strong></span> <span class='ocrx_word' id='word_1_292' title='bbox 927 3181 979 3221; x_wconf 88' lang='lat' dir='ltr'><strong>de</strong></span> <span class='ocrx_word' id='word_1_293' title='bbox 1002 3180 1109 3222; x_wconf 82' lang='lat' dir='ltr'><strong>furto</strong></span> <span class='ocrx_word' id='word_1_294' title='bbox 1148 3185 1219 3224; x_wconf 88' lang='lat' dir='ltr'><strong>aut</strong></span> <span class='ocrx_word' id='word_1_295' title='bbox 1257 3181 1428 3226; x_wconf 78' lang='lat' dir='ltr'><strong>formula</strong></span> <span class='ocrx_word' id='word_1_296' title='bbox 1463 3189 1503 3225; x_wconf 89' lang='lat' dir='ltr'><strong>et</strong></span> 
     </span>
     <span class='ocr_line' id='line_1_57' title="bbox 362 3231 1501 3337; baseline 0.007 -18"><span class='ocrx_word' id='word_1_297' title='bbox 362 3231 693 3333; x_wconf 49' lang='lat' dir='ltr'><strong>Agmggdifgtriiam</strong></span> <span class='ocrx_word' id='word_1_298' title='bbox 721 3285 940 3336; x_wconf 84' lang='lat' dir='ltr'><strong>fatumque.</strong></span> <span class='ocrx_word' id='word_1_299' title='bbox 994 3284 1071 3335; x_wconf 88' lang='lat' dir='ltr'><strong>Ag.</strong></span> <span class='ocrx_word' id='word_1_300' title='bbox 1092 3289 1142 3325; x_wconf 82' lang='lat'><strong>39</strong></span> <span class='ocrx_word' id='word_1_301' title='bbox 1170 3287 1343 3337; x_wconf 88' lang='lat' dir='ltr'><strong>impetus</strong></span> <span class='ocrx_word' id='word_1_302' title='bbox 1370 3287 1501 3327; x_wconf 87' lang='lat' dir='ltr'><strong>famae</strong></span> 
     </span>
     <span class='ocr_line' id='line_1_58' title="bbox 408 3334 797 3376; baseline 0.011 -4"><span class='ocrx_word' id='word_1_303' title='bbox 408 3338 450 3372; x_wconf 91' lang='lat' dir='ltr'><strong>et</strong></span> <span class='ocrx_word' id='word_1_304' title='bbox 476 3334 592 3373; x_wconf 84' lang='lat' dir='ltr'><strong>favor</strong></span> <span class='ocrx_word' id='word_1_305' title='bbox 617 3338 797 3376; x_wconf 84' lang='lat' dir='ltr'><strong>militnm.</strong></span> 
     </span>
    </p>
   </div>
   <div class='ocr_carea' id='block_1_17' title="bbox 354 3385 1499 3444">
    <p class='ocr_par' dir='ltr' id='par_1_39' title="bbox 354 3385 1499 3444">
     <span class='ocr_line' id='line_1_59' title="bbox 354 3385 1499 3444; baseline 0.005 -19"><span class='ocrx_word' id='word_1_306' title='bbox 354 3385 431 3436; x_wconf 89' lang='lat' dir='ltr'><strong>Ag.</strong></span> <span class='ocrx_word' id='word_1_307' title='bbox 461 3387 511 3426; x_wconf 85' lang='lat'><strong>46</strong></span> <span class='ocrx_word' id='word_1_308' title='bbox 540 3385 705 3428; x_wconf 83' lang='lat' dir='ltr'><strong>formam</strong></span> <span class='ocrx_word' id='word_1_309' title='bbox 719 3388 886 3439; x_wconf 87' lang='lat' dir='ltr'><strong>(Muret</strong></span> <span class='ocrx_word' id='word_1_310' title='bbox 916 3387 1042 3430; x_wconf 83' lang='lat' dir='ltr'><strong>Codd.</strong></span> <span class='ocrx_word' id='word_1_311' title='bbox 1056 3388 1219 3441; x_wconf 89' lang='lat' dir='ltr'><strong>famam)</strong></span> <span class='ocrx_word' id='word_1_312' title='bbox 1238 3388 1499 3444; x_wconf 86' lang='lat' dir='ltr'><strong>figuramque</strong></span> 
     </span>
    </p>
   </div>
   <div class='ocr_carea' id='block_1_18' title="bbox 1678 261 2827 1431">
    <p class='ocr_par' dir='ltr' id='par_1_40' title="bbox 1680 261 2827 354">
     <span class='ocr_line' id='line_1_60' title="bbox 1680 261 2827 316; baseline 0.007 -17"><span class='ocrx_word' id='word_1_313' title='bbox 1680 261 1729 300; x_wconf 93' lang='lat' dir='ltr'><strong>A.</strong></span> <span class='ocrx_word' id='word_1_314' title='bbox 1761 264 1874 311; x_wconf 87' lang='lat'>14,1</span> <span class='ocrx_word' id='word_1_315' title='bbox 1903 273 1954 301; x_wconf 89' lang='grc' dir='ltr'><strong>ιιι.</strong></span> <span class='ocrx_word' id='word_1_316' title='bbox 1982 262 2150 302; x_wconf 88' lang='lat' dir='ltr'><strong>formam</strong></span> <span class='ocrx_word' id='word_1_317' title='bbox 2184 285 2237 292; x_wconf 94' lang='lat'><strong>—-</strong></span> <span class='ocrx_word' id='word_1_318' title='bbox 2274 264 2582 304; x_wconf 86' lang='lat' dir='ltr'><strong>fecundidatem.</strong></span> <span class='ocrx_word' id='word_1_319' title='bbox 2635 265 2685 305; x_wconf 91' lang='lat' dir='ltr'><strong>A.</strong></span> <span class='ocrx_word' id='word_1_320' title='bbox 2713 270 2750 316; x_wconf 88' lang='grc'><strong>2,</strong></span> <span class='ocrx_word' id='word_1_321' title='bbox 2777 270 2827 307; x_wconf 89' lang='grc'><strong>53</strong></span> 
     </span>
     <span class='ocr_line' id='line_1_61' title="bbox 1733 311 2259 354; baseline 0.002 -3"><span class='ocrx_word' id='word_1_322' title='bbox 1733 311 1760 351; x_wconf 91' lang='lat' dir='ltr'><strong>f.</strong></span> <span class='ocrx_word' id='word_1_323' title='bbox 1789 312 2036 354; x_wconf 79' lang='lat' dir='ltr'><strong>fecunditate</strong></span> <span class='ocrx_word' id='word_1_324' title='bbox 2063 325 2112 354; x_wconf 88' lang='lat' dir='ltr'><strong>ac</strong></span> <span class='ocrx_word' id='word_1_325' title='bbox 2139 313 2259 353; x_wconf 91' lang='lat' dir='ltr'><strong>fama.</strong></span> 
     </span>
    </p>

    <p class='ocr_par' dir='ltr' id='par_1_41' title="bbox 1680 364 2827 467">
     <span class='ocr_line' id='line_1_62' title="bbox 1680 364 2827 419; baseline 0.004 -15"><span class='ocrx_word' id='word_1_326' title='bbox 1680 364 2419 417; x_wconf 75' lang='lat' dir='ltr'><strong>H.1,.304581idesfamaque</strong></span> <span class='ocrx_word' id='word_1_327' title='bbox 2472 368 2827 419; x_wconf 84' lang='lat' dir='ltr'><strong>H.,.,352510</strong></span> 
     </span>
     <span class='ocr_line' id='line_1_63' title="bbox 1733 415 2121 467; baseline 0.008 -14"><span class='ocrx_word' id='word_1_328' title='bbox 1733 415 1894 455; x_wconf 88' lang='lat' dir='ltr'><strong>fortuna</strong></span> <span class='ocrx_word' id='word_1_329' title='bbox 1921 416 2121 467; x_wconf 76' lang='lat' dir='ltr'><strong>famaque.</strong></span> 
     </span>
    </p>

    <p class='ocr_par' dir='ltr' id='par_1_42' title="bbox 1681 466 2825 521">
     <span class='ocr_line' id='line_1_64' title="bbox 1681 466 2825 521; baseline 0.004 -15"><span class='ocrx_word' id='word_1_330' title='bbox 1681 466 1732 506; x_wconf 90' lang='lat' dir='ltr'><strong>H.</strong></span> <span class='ocrx_word' id='word_1_331' title='bbox 1760 470 1797 518; x_wconf 92' lang='lat'>3,</span> <span class='ocrx_word' id='word_1_332' title='bbox 1828 471 1848 507; x_wconf 92' lang='lat'>1</span> <span class='ocrx_word' id='word_1_333' title='bbox 1879 467 1962 507; x_wconf 85' lang='lat' dir='ltr'><strong>fato</strong></span> <span class='ocrx_word' id='word_1_334' title='bbox 1991 467 2162 520; x_wconf 88' lang='lat' dir='ltr'><strong>fideque.</strong></span> <span class='ocrx_word' id='word_1_335' title='bbox 2190 468 2242 509; x_wconf 90' lang='grc' dir='ltr'><strong>Η.</strong></span> <span class='ocrx_word' id='word_1_336' title='bbox 2268 469 2308 519; x_wconf 89' lang='grc'><strong>4,</strong></span> <span class='ocrx_word' id='word_1_337' title='bbox 2335 469 2385 508; x_wconf 85' lang='grc'><strong>67</strong></span> <span class='ocrx_word' id='word_1_338' title='bbox 2413 468 2556 521; x_wconf 89' lang='lat' dir='ltr'><strong>fasque</strong></span> <span class='ocrx_word' id='word_1_339' title='bbox 2584 475 2625 511; x_wconf 89' lang='lat' dir='ltr'><strong>et</strong></span> <span class='ocrx_word' id='word_1_340' title='bbox 2650 468 2825 510; x_wconf 81' lang='lat' dir='ltr'><strong>foedera.</strong></span> 
     </span>
    </p>

    <p class='ocr_par' dir='ltr' id='par_1_43' title="bbox 1682 483 2826 622">
     <span class='ocr_line' id='line_1_65' title="bbox 1682 483 2826 574; baseline 0.004 -16"><span class='ocrx_word' id='word_1_341' title='bbox 1682 519 1730 558; x_wconf 92' lang='lat' dir='ltr'><strong>A.</strong></span> <span class='ocrx_word' id='word_1_342' title='bbox 1762 521 1823 567; x_wconf 90' lang='grc'><strong>13</strong></span> <span class='ocrx_word' id='word_1_343' title='bbox 1854 522 1902 560; x_wconf 92' lang='grc'><strong>15</strong></span> <span class='ocrx_word' id='word_1_344' title='bbox 1930 519 1958 559; x_wconf 98' lang='grc'><strong>1·.</strong></span> <span class='ocrx_word' id='word_1_345' title='bbox 1998 531 2131 572; x_wconf 86' lang='lat' dir='ltr'><strong>neque</strong></span> <span class='ocrx_word' id='word_1_346' title='bbox 2170 520 2233 561; x_wconf 90' lang='lat' dir='ltr'><strong>fas</strong></span> <span class='ocrx_word' id='word_1_347' title='bbox 2264 531 2397 572; x_wconf 92' lang='lat' dir='ltr'><strong>neque</strong></span> <span class='ocrx_word' id='word_1_348' title='bbox 2435 483 2568 562; x_wconf 84' lang='lat' dir='ltr'><strong>fidem.</strong></span> <span class='ocrx_word' id='word_1_349' title='bbox 2633 523 2682 563; x_wconf 91' lang='lat' dir='ltr'><strong>A.</strong></span> <span class='ocrx_word' id='word_1_350' title='bbox 2709 525 2747 574; x_wconf 89' lang='lat'><strong>4,</strong></span> <span class='ocrx_word' id='word_1_351' title='bbox 2775 524 2826 563; x_wconf 89' lang='grc'><strong>38</strong></span> 
     </span>
     <span class='ocr_line' id='line_1_66' title="bbox 1731 571 2178 622; baseline 0.002 -12"><span class='ocrx_word' id='word_1_352' title='bbox 1731 571 1861 611; x_wconf 87' lang='lat' dir='ltr'><strong>facta</strong></span> <span class='ocrx_word' id='word_1_353' title='bbox 1858 576 1992 622; x_wconf 89' lang='lat' dir='ltr'><strong>atque</strong></span> <span class='ocrx_word' id='word_1_354' title='bbox 2019 572 2178 611; x_wconf 89' lang='lat' dir='ltr'><strong>famam.</strong></span> 
     </span>
    </p>

    <p class='ocr_par' dir='ltr' id='par_1_44' title="bbox 1681 623 2825 716">
     <span class='ocr_line' id='line_1_67' title="bbox 1681 623 2825 714; baseline 0.003 -52"><span class='ocrx_word' id='word_1_355' title='bbox 1681 623 1798 714; x_wconf 62' lang='lat' dir='ltr'><strong>H.f4</strong></span> <span class='ocrx_word' id='word_1_356' title='bbox 1827 625 1878 663; x_wconf 88' lang='grc'><strong>59</strong></span> <span class='ocrx_word' id='word_1_357' title='bbox 1905 623 1933 662; x_wconf 93' lang='lat' dir='ltr'><strong>f.</strong></span> <span class='ocrx_word' id='word_1_358' title='bbox 1961 623 2106 663; x_wconf 87' lang='lat' dir='ltr'><strong>famem</strong></span> <span class='ocrx_word' id='word_1_359' title='bbox 2134 623 2374 674; x_wconf 87' lang='lat' dir='ltr'><strong>ferrumque.</strong></span> <span class='ocrx_word' id='word_1_360' title='bbox 2427 624 2478 663; x_wconf 92' lang='grc' dir='ltr'><strong>Η.</strong></span> <span class='ocrx_word' id='word_1_361' title='bbox 2506 625 2544 672; x_wconf 92' lang='grc'>4,</span> <span class='ocrx_word' id='word_1_362' title='bbox 2572 626 2622 665; x_wconf 86' lang='grc'><strong>32</strong></span> <span class='ocrx_word' id='word_1_363' title='bbox 2650 625 2679 665; x_wconf 82' lang='lat' dir='ltr'><strong>f.</strong></span> <span class='ocrx_word' id='word_1_364' title='bbox 2719 626 2825 665; x_wconf 89' lang='lat' dir='ltr'><strong>ferro</strong></span> 
     </span>
     <span class='ocr_line' id='line_1_68' title="bbox 1751 685 1931 716; baseline 0.006 -1"><span class='ocrx_word' id='word_1_365' title='bbox 1751 686 1838 715; x_wconf 91' lang='lat' dir='ltr'><strong>ame</strong></span> <span class='ocrx_word' id='word_1_366' title='bbox 1870 685 1931 716; x_wconf 91' lang='lat' dir='ltr'><strong>ue.</strong></span> 
     </span>
    </p>

    <p class='ocr_par' dir='ltr' id='par_1_45' title="bbox 1683 687 2824 871">
     <span class='ocr_line' id='line_1_69' title="bbox 1683 687 2824 779; baseline 0.001 -13"><span class='ocrx_word' id='word_1_367' title='bbox 1683 727 1733 766; x_wconf 89' lang='lat' dir='ltr'><strong>H.</strong></span> <span class='ocrx_word' id='word_1_368' title='bbox 1762 730 1799 778; x_wconf 87' lang='lat'><strong>3,</strong></span> <span class='ocrx_word' id='word_1_369' title='bbox 1828 687 1876 767; x_wconf 40' lang='lat'>7213</span> <span class='ocrx_word' id='word_1_370' title='bbox 1903 728 1951 767; x_wconf 86' lang='lat' dir='ltr'><strong>A.</strong></span> <span class='ocrx_word' id='word_1_371' title='bbox 1969 731 2004 779; x_wconf 93' lang='lat'>1,</span> <span class='ocrx_word' id='word_1_372' title='bbox 2022 730 2071 768; x_wconf 90' lang='lat'><strong>51</strong></span> <span class='ocrx_word' id='word_1_373' title='bbox 2099 726 2205 766; x_wconf 85' lang='lat' dir='ltr'><strong>ferro</strong></span> <span class='ocrx_word' id='word_1_374' title='bbox 2233 727 2496 778; x_wconf 87' lang='lat' dir='ltr'><strong>flammisque.</strong></span> <span class='ocrx_word' id='word_1_375' title='bbox 2525 727 2575 765; x_wconf 88' lang='lat' dir='ltr'><strong>H.</strong></span> <span class='ocrx_word' id='word_1_376' title='bbox 2603 730 2641 777; x_wconf 89' lang='grc'>4,</span> <span class='ocrx_word' id='word_1_377' title='bbox 2670 730 2720 766; x_wconf 83' lang='grc'><strong>76</strong></span> <span class='ocrx_word' id='word_1_378' title='bbox 2747 729 2824 767; x_wconf 85' lang='lat' dir='ltr'><strong>for-</strong></span> 
     </span>
     <span class='ocr_line' id='line_1_70' title="bbox 1736 756 2824 834; baseline 0.002 -17"><span class='ocrx_word' id='word_1_379' title='bbox 1736 756 1938 829; x_wconf 78' lang='lat' dir='ltr'><strong>mi⁷dinem,</strong></span> <span class='ocrx_word' id='word_1_380' title='bbox 1966 780 2103 829; x_wconf 89' lang='lat' dir='ltr'><strong>fugam</strong></span> <span class='ocrx_word' id='word_1_381' title='bbox 2131 779 2370 829; x_wconf 88' lang='lat' dir='ltr'><strong>famemque.</strong></span> <span class='ocrx_word' id='word_1_382' title='bbox 2405 780 2457 818; x_wconf 90' lang='lat' dir='ltr'><strong>H.</strong></span> <span class='ocrx_word' id='word_1_383' title='bbox 2477 781 2514 827; x_wconf 92' lang='lat'><strong>3,</strong></span> <span class='ocrx_word' id='word_1_384' title='bbox 2535 781 2584 819; x_wconf 83' lang='lat'><strong>73</strong></span> <span class='ocrx_word' id='word_1_385' title='bbox 2611 778 2748 834; x_wconf 80' lang='lat' dir='ltr'><strong>fugam</strong></span> <span class='ocrx_word' id='word_1_386' title='bbox 2775 793 2824 819; x_wconf 87' lang='lat' dir='ltr'><strong>ac</strong></span> 
     </span>
     <span class='ocr_line' id='line_1_71' title="bbox 1733 809 2047 871; baseline 0.007 -2"><span class='ocrx_word' id='word_1_387' title='bbox 1733 829 1899 871; x_wconf 90' lang='lat' dir='ltr'><strong>fallendi</strong></span> <span class='ocrx_word' id='word_1_388' title='bbox 1927 809 2047 871; x_wconf 65' lang='lat' dir='ltr'><strong>artes.</strong></span> 
     </span>
    </p>

    <p class='ocr_par' dir='ltr' id='par_1_46' title="bbox 1683 880 2822 984">
     <span class='ocr_line' id='line_1_72' title="bbox 1683 880 2822 933; baseline -0.001 -13"><span class='ocrx_word' id='word_1_389' title='bbox 1683 880 1731 920; x_wconf 91' lang='lat' dir='ltr'><strong>G.</strong></span> <span class='ocrx_word' id='word_1_390' title='bbox 1758 884 1809 921; x_wconf 91' lang='grc'><strong>45</strong></span> <span class='ocrx_word' id='word_1_391' title='bbox 1837 893 1951 921; x_wconf 87' lang='lat' dir='ltr'><strong>rarus</strong></span> <span class='ocrx_word' id='word_1_392' title='bbox 1969 882 2077 932; x_wconf 88' lang='lat' dir='ltr'><strong>ferri,</strong></span> <span class='ocrx_word' id='word_1_393' title='bbox 2103 882 2292 933; x_wconf 82' lang='lat' dir='ltr'><strong>frequens</strong></span> <span class='ocrx_word' id='word_1_394' title='bbox 2304 881 2467 920; x_wconf 87' lang='lat' dir='ltr'><strong>fustium</strong></span> <span class='ocrx_word' id='word_1_395' title='bbox 2480 892 2597 920; x_wconf 87' lang='lat' dir='ltr'><strong>usus:</strong></span> <span class='ocrx_word' id='word_1_396' title='bbox 2625 881 2822 920; x_wconf 85' lang='lat' dir='ltr'><strong>frumenta</strong></span> 
     </span>
     <span class='ocr_line' id='line_1_73' title="bbox 1734 933 2164 984; baseline 0.005 -13"><span class='ocrx_word' id='word_1_397' title='bbox 1734 937 1970 984; x_wconf 87' lang='lat' dir='ltr'><strong>ceterosque</strong></span> <span class='ocrx_word' id='word_1_398' title='bbox 1997 933 2164 973; x_wconf 89' lang='lat' dir='ltr'><strong>fructus.</strong></span> 
     </span>
    </p>

    <p class='ocr_par' dir='ltr' id='par_1_47' title="bbox 1681 983 2611 1037">
     <span class='ocr_line' id='line_1_74' title="bbox 1681 983 2611 1037; baseline 0.001 -14"><span class='ocrx_word' id='word_1_399' title='bbox 1681 983 1758 1033; x_wconf 87' lang='lat' dir='ltr'><strong>Ag.</strong></span> <span class='ocrx_word' id='word_1_400' title='bbox 1788 986 1838 1024; x_wconf 91' lang='lat'><strong>33</strong></span> <span class='ocrx_word' id='word_1_401' title='bbox 1867 985 2029 1024; x_wconf 85' lang='lat' dir='ltr'><strong>flumina</strong></span> <span class='ocrx_word' id='word_1_402' title='bbox 2056 985 2127 1024; x_wconf 90' lang='lat' dir='ltr'><strong>fati</strong></span> <span class='ocrx_word' id='word_1_403' title='bbox 2160 989 2287 1037; x_wconf 85' lang='lat' dir='ltr'><strong>arent,</strong></span> <span class='ocrx_word' id='word_1_404' title='bbox 2315 984 2520 1025; x_wconf 88' lang='lat' dir='ltr'><strong>fortissimi</strong></span> <span class='ocrx_word' id='word_1_405' title='bbox 2546 1007 2611 1024; x_wconf 90' lang='lat'><strong>-.</strong></span> 
     </span>
    </p>

    <p class='ocr_par' dir='ltr' id='par_1_48' title="bbox 1681 1036 2608 1087">
     <span class='ocr_line' id='line_1_75' title="bbox 1681 1036 2608 1087; baseline 0.004 -15"><span class='ocrx_word' id='word_1_406' title='bbox 1681 1036 1731 1072; x_wconf 93' lang='lat' dir='ltr'><strong>H.</strong></span> <span class='ocrx_word' id='word_1_407' title='bbox 1760 1038 1799 1085; x_wconf 94' lang='grc'><strong>2,</strong></span> <span class='ocrx_word' id='word_1_408' title='bbox 1826 1038 1877 1075; x_wconf 90' lang='grc'><strong>46</strong></span> <span class='ocrx_word' id='word_1_409' title='bbox 1905 1036 2104 1075; x_wconf 87' lang='lat' dir='ltr'><strong>fortunam</strong></span> <span class='ocrx_word' id='word_1_410' title='bbox 2176 1049 2264 1076; x_wconf 90' lang='lat' dir='ltr'><strong>rore</strong></span> <span class='ocrx_word' id='word_1_411' title='bbox 2292 1059 2342 1066; x_wconf 89' lang='lat'><strong>——·</strong></span> <span class='ocrx_word' id='word_1_412' title='bbox 2368 1037 2608 1087; x_wconf 82' lang='lat' dir='ltr'><strong>flagrabant.</strong></span> 
     </span>
    </p>

    <p class='ocr_par' dir='ltr' id='par_1_49' title="bbox 1684 1085 2822 1278">
     <span class='ocr_line' id='line_1_76' title="bbox 1684 1085 2820 1138; baseline 0.002 -14"><span class='ocrx_word' id='word_1_413' title='bbox 1684 1085 1733 1123; x_wconf 92' lang='lat' dir='ltr'><strong>A.</strong></span> <span class='ocrx_word' id='word_1_414' title='bbox 1761 1089 1799 1134; x_wconf 90' lang='lat'>4,</span> <span class='ocrx_word' id='word_1_415' title='bbox 1828 1088 1877 1125; x_wconf 90' lang='grc'><strong>65</strong></span> <span class='ocrx_word' id='word_1_416' title='bbox 1916 1086 2105 1136; x_wconf 85' lang='lat' dir='ltr'><strong>frequens</strong></span> <span class='ocrx_word' id='word_1_417' title='bbox 2138 1087 2426 1138; x_wconf 87' lang='lat' dir='ltr'><strong>fecundusque.</strong></span> <span class='ocrx_word' id='word_1_418' title='bbox 2475 1088 2525 1126; x_wconf 92' lang='grc' dir='ltr'><strong>Η.</strong></span> <span class='ocrx_word' id='word_1_419' title='bbox 2552 1090 2590 1137; x_wconf 89' lang='grc'><strong>2,</strong></span> <span class='ocrx_word' id='word_1_420' title='bbox 2618 1089 2671 1126; x_wconf 91' lang='grc'><strong>50</strong></span> <span class='ocrx_word' id='word_1_421' title='bbox 2708 1087 2820 1126; x_wconf 88' lang='lat' dir='ltr'><strong>fabu-</strong></span> 
     </span>
     <span class='ocr_line' id='line_1_77' title="bbox 1731 1136 2822 1187; baseline 0.002 -13"><span class='ocrx_word' id='word_1_422' title='bbox 1731 1137 1818 1175; x_wconf 88' lang='lat' dir='ltr'><strong>losa</strong></span> <span class='ocrx_word' id='word_1_423' title='bbox 1847 1139 1887 1174; x_wconf 91' lang='lat' dir='ltr'><strong>et</strong></span> <span class='ocrx_word' id='word_1_424' title='bbox 1914 1136 2018 1175; x_wconf 89' lang='lat' dir='ltr'><strong>fictis</strong></span> <span class='ocrx_word' id='word_1_425' title='bbox 2045 1137 2125 1175; x_wconf 94' lang='lat' dir='ltr'><strong>obl.</strong></span> <span class='ocrx_word' id='word_1_426' title='bbox 2179 1139 2230 1176; x_wconf 92' lang='lat' dir='ltr'><strong>H.</strong></span> <span class='ocrx_word' id='word_1_427' title='bbox 2258 1141 2294 1187; x_wconf 88' lang='lat'><strong>3,</strong></span> <span class='ocrx_word' id='word_1_428' title='bbox 2323 1141 2375 1178; x_wconf 93' lang='grc'>54</span> <span class='ocrx_word' id='word_1_429' title='bbox 2413 1138 2582 1187; x_wconf 85' lang='lat' dir='ltr'><strong>fingeret</strong></span> <span class='ocrx_word' id='word_1_430' title='bbox 2629 1137 2822 1187; x_wconf 90' lang='lat' dir='ltr'><strong>falsisque</strong></span> 
     </span>
     <span class='ocr_line' id='line_1_78' title="bbox 1729 1167 2819 1278; baseline 0.005 -54"><span class='ocrx_word' id='word_1_431' title='bbox 1729 1199 1862 1277; x_wconf 49' lang='lat' dir='ltr'><strong>{ngrno</strong></span> <span class='ocrx_word' id='word_1_432' title='bbox 1886 1187 1936 1226; x_wconf 91' lang='lat' dir='ltr'><strong>A.</strong></span> <span class='ocrx_word' id='word_1_433' title='bbox 1964 1190 2008 1278; x_wconf 85' lang='lat' dir='ltr'><strong>t3,</strong></span> <span class='ocrx_word' id='word_1_434' title='bbox 2038 1167 2294 1278; x_wconf 47' lang='lat' dir='ltr'><strong>goflaflagigia</strong></span> <span class='ocrx_word' id='word_1_435' title='bbox 2325 1192 2366 1229; x_wconf 91' lang='lat' dir='ltr'><strong>et</strong></span> <span class='ocrx_word' id='word_1_436' title='bbox 2402 1187 2595 1229; x_wconf 87' lang='lat' dir='ltr'><strong>facinora.</strong></span> <span class='ocrx_word' id='word_1_437' title='bbox 2646 1189 2695 1228; x_wconf 89' lang='lat' dir='ltr'><strong>A.</strong></span> <span class='ocrx_word' id='word_1_438' title='bbox 2729 1191 2766 1238; x_wconf 91' lang='grc'><strong>6,</strong></span> <span class='ocrx_word' id='word_1_439' title='bbox 2795 1190 2819 1228; x_wconf 90' lang='lat'><strong>6</strong></span> 
     </span>
     <span class='ocr_line' id='line_1_79' title="bbox 1746 1250 2215 1278; baseline 0.004 -3"><span class='ocrx_word' id='word_1_440' title='bbox 1746 1250 1808 1276; x_wconf 89' lang='lat' dir='ltr'><strong>ac1</strong></span> <span class='ocrx_word' id='word_1_441' title='bbox 1866 1250 1910 1277; x_wconf 90' lang='lat' dir='ltr'><strong>ra</strong></span> <span class='ocrx_word' id='word_1_442' title='bbox 1937 1250 1961 1276; x_wconf 91' lang='lat' dir='ltr'><strong>a</strong></span> <span class='ocrx_word' id='word_1_443' title='bbox 2010 1251 2034 1278; x_wconf 93' lang='lat' dir='ltr'><strong>u</strong></span> <span class='ocrx_word' id='word_1_444' title='bbox 2170 1251 2215 1277; x_wconf 89' lang='grc' dir='ltr'><strong>ιι</strong></span> 
     </span>
    </p>

    <p class='ocr_par' dir='ltr' id='par_1_50' title="bbox 1678 1250 2658 1431">
     <span class='ocr_line' id='line_1_80' title="bbox 1678 1250 2658 1340; baseline 0 -12"><span class='ocrx_word' id='word_1_445' title='bbox 1678 1290 1726 1328; x_wconf 89' lang='grc' dir='ltr'><strong>Α.</strong></span> <span class='ocrx_word' id='word_1_446' title='bbox 1757 1291 1818 1338; x_wconf 93' lang='grc'><strong>14,</strong></span> <span class='ocrx_word' id='word_1_447' title='bbox 1846 1291 1897 1327; x_wconf 91' lang='grc'><strong>62</strong></span> <span class='ocrx_word' id='word_1_448' title='bbox 1936 1250 2224 1339; x_wconf 60' lang='lat' dir='ltr'><strong>fagilitategpr.</strong></span> <span class='ocrx_word' id='word_1_449' title='bbox 2258 1290 2501 1340; x_wconf 87' lang='lat' dir='ltr'><strong>flagitiorum</strong></span> <span class='ocrx_word' id='word_1_450' title='bbox 2527 1312 2579 1319; x_wconf 89' lang='lat'><strong>-—-</strong></span> <span class='ocrx_word' id='word_1_451' title='bbox 2606 1290 2658 1328; x_wconf 92' lang='lat' dir='ltr'><strong>fin</strong></span> 
     </span>
     <span class='ocr_line' id='line_1_81' title="bbox 1730 1303 2631 1390; baseline 0.002 -12"><span class='ocrx_word' id='word_1_452' title='bbox 1730 1344 1927 1388; x_wconf 89' lang='lat' dir='ltr'><strong>teturque.</strong></span> <span class='ocrx_word' id='word_1_453' title='bbox 1967 1340 2016 1378; x_wconf 91' lang='lat' dir='ltr'><strong>A.</strong></span> <span class='ocrx_word' id='word_1_454' title='bbox 2032 1343 2093 1390; x_wconf 89' lang='grc'><strong>16,</strong></span> <span class='ocrx_word' id='word_1_455' title='bbox 2106 1342 2156 1379; x_wconf 90' lang='grc'><strong>32</strong></span> <span class='ocrx_word' id='word_1_456' title='bbox 2184 1340 2210 1378; x_wconf 92' lang='lat' dir='ltr'><strong>f.</strong></span> <span class='ocrx_word' id='word_1_457' title='bbox 2240 1303 2529 1380; x_wconf 73' lang='lat' dir='ltr'><strong>fraugdibus—</strong></span> <span class='ocrx_word' id='word_1_458' title='bbox 2559 1344 2631 1380; x_wconf 88' lang='lat' dir='ltr'><strong>aut</strong></span> 
     </span>
     <span class='ocr_line' id='line_1_82' title="bbox 1732 1369 2292 1431; baseline 0.004 -2"><span class='ocrx_word' id='word_1_459' title='bbox 1732 1413 1784 1419; x_wconf 92' lang='lat'>—</span> <span class='ocrx_word' id='word_1_460' title='bbox 1810 1390 1937 1431; x_wconf 86' lang='lat' dir='ltr'><strong>falsos</strong></span> <span class='ocrx_word' id='word_1_461' title='bbox 1964 1413 2015 1419; x_wconf 94' lang='lat'><em>—</em></span> <span class='ocrx_word' id='word_1_462' title='bbox 2044 1369 2093 1430; x_wconf 80' lang='lat' dir='ltr'><strong>et⁷</strong></span> <span class='ocrx_word' id='word_1_463' title='bbox 2112 1390 2292 1431; x_wconf 85' lang='lat' dir='ltr'><strong>fallaces.</strong></span> 
     </span>
    </p>
   </div>
   <div class='ocr_carea' id='block_1_19' title="bbox 2685 1290 2823 1390">
    <p class='ocr_par' dir='ltr' id='par_1_51' title="bbox 2685 1290 2823 1390">
     <span class='ocr_line' id='line_1_83' title="bbox 2691 1290 2820 1330; baseline 0.009 -2"><span class='ocrx_word' id='word_1_464' title='bbox 2691 1291 2721 1330; x_wconf 90' lang='lat' dir='ltr'><strong>it</strong></span> <span class='ocrx_word' id='word_1_465' title='bbox 2764 1290 2820 1329; x_wconf 91' lang='lat' dir='ltr'><strong>fa-</strong></span> 
     </span>
     <span class='ocr_line' id='line_1_84' title="bbox 2685 1341 2823 1390; baseline 0 -11"><span class='ocrx_word' id='word_1_466' title='bbox 2685 1341 2823 1390; x_wconf 88' lang='lat' dir='ltr'><strong>agitiis</strong></span> 
     </span>
    </p>
   </div>
   <div class='ocr_carea' id='block_1_20' title="bbox 1578 1542 2820 1593">
    <p class='ocr_par' dir='ltr' id='par_1_52' title="bbox 1578 1542 2820 1593">
     <span class='ocr_line' id='line_1_85' title="bbox 1578 1542 2820 1593; baseline -0.002 -10"><span class='ocrx_word' id='word_1_467' title='bbox 1578 1545 1639 1583; x_wconf 84' lang='lat'><strong>19.</strong></span> <span class='ocrx_word' id='word_1_468' title='bbox 1679 1542 1844 1582; x_wconf 84' lang='lat' dir='ltr'><strong>Directa</strong></span> <span class='ocrx_word' id='word_1_469' title='bbox 1872 1544 2030 1583; x_wconf 89' lang='lat' dir='ltr'><strong>dicendi</strong></span> <span class='ocrx_word' id='word_1_470' title='bbox 2068 1544 2136 1583; x_wconf 84' lang='lat' dir='ltr'><strong>via</strong></span> <span class='ocrx_word' id='word_1_471' title='bbox 2173 1555 2252 1582; x_wconf 92' lang='lat' dir='ltr'><strong>non</strong></span> <span class='ocrx_word' id='word_1_472' title='bbox 2284 1543 2516 1582; x_wconf 88' lang='lat' dir='ltr'><strong>infirmitate</strong></span> <span class='ocrx_word' id='word_1_473' title='bbox 2556 1543 2705 1593; x_wconf 86' lang='lat' dir='ltr'><strong>ingenii</strong></span> <span class='ocrx_word' id='word_1_474' title='bbox 2748 1555 2820 1581; x_wconf 88' lang='lat' dir='ltr'><strong>nec</strong></span> 
     </span>
    </p>
   </div>
   <div class='ocr_carea' id='block_1_21' title="bbox 1678 1595 2820 2361">
    <p class='ocr_par' dir='ltr' id='par_1_53' title="bbox 1681 1595 2756 1655">
     <span class='ocr_line' id='line_1_86' title="bbox 1681 1595 2756 1655; baseline 0 -23"><span class='ocrx_word' id='word_1_475' title='bbox 1681 1595 1839 1632; x_wconf 88' lang='lat' dir='ltr'><strong>inscitia</strong></span> <span class='ocrx_word' id='word_1_476' title='bbox 1866 1596 2089 1655; x_wconf 84' lang='lat' dir='ltr'><strong>litterarum</strong></span> <span class='ocrx_word' id='word_1_477' title='bbox 2116 1619 2168 1624; x_wconf 90' lang='lat'>—</span> <span class='ocrx_word' id='word_1_478' title='bbox 2195 1595 2266 1633; x_wconf 90' lang='lat' dir='ltr'><strong>sed</strong></span> <span class='ocrx_word' id='word_1_479' title='bbox 2293 1595 2440 1633; x_wconf 89' lang='lat' dir='ltr'><strong>iudicio</strong></span> <span class='ocrx_word' id='word_1_480' title='bbox 2469 1598 2510 1634; x_wconf 90' lang='lat' dir='ltr'><strong>et</strong></span> <span class='ocrx_word' id='word_1_481' title='bbox 2538 1595 2756 1634; x_wconf 89' lang='lat' dir='ltr'><strong>intellectu.</strong></span> 
     </span>
    </p>

    <p class='ocr_par' dir='ltr' id='par_1_54' title="bbox 1680 1646 2498 1696">
     <span class='ocr_line' id='line_1_87' title="bbox 1680 1646 2498 1696; baseline 0 -11"><span class='ocrx_word' id='word_1_482' title='bbox 1680 1646 1758 1696; x_wconf 87' lang='lat' dir='ltr'><strong>Ag.</strong></span> <span class='ocrx_word' id='word_1_483' title='bbox 1785 1648 1838 1686; x_wconf 93' lang='grc'><strong>20</strong></span> <span class='ocrx_word' id='word_1_484' title='bbox 1862 1647 1927 1686; x_wconf 86' lang='lat' dir='ltr'><strong>vel</strong></span> <span class='ocrx_word' id='word_1_485' title='bbox 1954 1646 2107 1686; x_wconf 86' lang='lat' dir='ltr'><strong>incuria</strong></span> <span class='ocrx_word' id='word_1_486' title='bbox 2134 1648 2199 1686; x_wconf 89' lang='lat' dir='ltr'><strong>vel</strong></span> <span class='ocrx_word' id='word_1_487' title='bbox 2226 1646 2498 1686; x_wconf 84' lang='lat' dir='ltr'><strong>intolerantia.</strong></span> 
     </span>
    </p>

    <p class='ocr_par' dir='ltr' id='par_1_55' title="bbox 1680 1697 2465 1749">
     <span class='ocr_line' id='line_1_88' title="bbox 1680 1697 2465 1749; baseline 0 -12"><span class='ocrx_word' id='word_1_488' title='bbox 1680 1697 1728 1737; x_wconf 90' lang='lat' dir='ltr'><strong>G.</strong></span> <span class='ocrx_word' id='word_1_489' title='bbox 1757 1699 1807 1737; x_wconf 88' lang='grc'><strong>25</strong></span> <span class='ocrx_word' id='word_1_490' title='bbox 1835 1698 1984 1748; x_wconf 89' lang='lat' dir='ltr'><strong>impetu</strong></span> <span class='ocrx_word' id='word_1_491' title='bbox 2011 1702 2051 1738; x_wconf 91' lang='lat' dir='ltr'><strong>et</strong></span> <span class='ocrx_word' id='word_1_492' title='bbox 2078 1699 2150 1749; x_wconf 90' lang='lat' dir='ltr'><strong>ira,</strong></span> <span class='ocrx_word' id='word_1_493' title='bbox 2178 1701 2222 1738; x_wconf 85' lang='lat' dir='ltr'><strong>ut</strong></span> <span class='ocrx_word' id='word_1_494' title='bbox 2249 1698 2465 1738; x_wconf 90' lang='lat' dir='ltr'><strong>inimicum.</strong></span> 
     </span>
    </p>

    <p class='ocr_par' dir='ltr' id='par_1_56' title="bbox 1681 1748 2820 1840">
     <span class='ocr_line' id='line_1_89' title="bbox 1681 1748 2820 1801; baseline 0 -13"><span class='ocrx_word' id='word_1_495' title='bbox 1681 1748 1732 1788; x_wconf 90' lang='lat' dir='ltr'><strong>H.</strong></span> <span class='ocrx_word' id='word_1_496' title='bbox 1762 1751 1798 1800; x_wconf 96' lang='lat'>1,</span> <span class='ocrx_word' id='word_1_497' title='bbox 1826 1750 1875 1789; x_wconf 82' lang='lat'>57</span> <span class='ocrx_word' id='word_1_498' title='bbox 1909 1749 2099 1790; x_wconf 87' lang='lat' dir='ltr'><strong>instinctu</strong></span> <span class='ocrx_word' id='word_1_499' title='bbox 2126 1753 2166 1791; x_wconf 93' lang='lat' dir='ltr'><strong>et</strong></span> <span class='ocrx_word' id='word_1_500' title='bbox 2194 1750 2357 1801; x_wconf 90' lang='lat' dir='ltr'><strong>impetu.</strong></span> <span class='ocrx_word' id='word_1_501' title='bbox 2411 1749 2460 1790; x_wconf 91' lang='lat' dir='ltr'><strong>A.</strong></span> <span class='ocrx_word' id='word_1_502' title='bbox 2492 1751 2552 1800; x_wconf 91' lang='lat'>14,</span> <span class='ocrx_word' id='word_1_503' title='bbox 2584 1751 2631 1789; x_wconf 92' lang='lat'><strong>16</strong></span> <span class='ocrx_word' id='word_1_504' title='bbox 2670 1749 2820 1800; x_wconf 89' lang='lat' dir='ltr'><strong>impetu</strong></span> 
     </span>
     <span class='ocr_line' id='line_1_90' title="bbox 1732 1802 2004 1840; baseline 0.008 -2"><span class='ocrx_word' id='word_1_505' title='bbox 1732 1805 1773 1838; x_wconf 90' lang='lat' dir='ltr'><strong>et</strong></span> <span class='ocrx_word' id='word_1_506' title='bbox 1801 1802 2004 1840; x_wconf 89' lang='lat' dir='ltr'><strong>instinctu.</strong></span> 
     </span>
    </p>

    <p class='ocr_par' dir='ltr' id='par_1_57' title="bbox 1680 1850 2819 2004">
     <span class='ocr_line' id='line_1_91' title="bbox 1680 1850 2819 1902; baseline -0.001 -12"><span class='ocrx_word' id='word_1_507' title='bbox 1680 1851 1730 1890; x_wconf 92' lang='lat' dir='ltr'><strong>H.</strong></span> <span class='ocrx_word' id='word_1_508' title='bbox 1759 1853 1796 1901; x_wconf 95' lang='lat'><strong>3,</strong></span> <span class='ocrx_word' id='word_1_509' title='bbox 1826 1853 1876 1891; x_wconf 86' lang='grc'><strong>75</strong></span> <span class='ocrx_word' id='word_1_510' title='bbox 1903 1852 2168 1891; x_wconf 85' lang='lat' dir='ltr'><strong>innocentiam</strong></span> <span class='ocrx_word' id='word_1_511' title='bbox 2205 1851 2488 1902; x_wconf 85' lang='lat' dir='ltr'><strong>iustitiamque.</strong></span> <span class='ocrx_word' id='word_1_512' title='bbox 2541 1851 2592 1891; x_wconf 91' lang='lat' dir='ltr'><strong>H.</strong></span> <span class='ocrx_word' id='word_1_513' title='bbox 2622 1853 2657 1900; x_wconf 92' lang='lat'>1,</span> <span class='ocrx_word' id='word_1_514' title='bbox 2685 1851 2736 1890; x_wconf 88' lang='lat'><strong>45</strong></span> <span class='ocrx_word' id='word_1_515' title='bbox 2764 1850 2819 1890; x_wconf 90' lang='lat' dir='ltr'><strong>in-</strong></span> 
     </span>
     <span class='ocr_line' id='line_1_92' title="bbox 1732 1902 2817 1953; baseline -0.001 -12"><span class='ocrx_word' id='word_1_516' title='bbox 1732 1902 1911 1942; x_wconf 88' lang='lat' dir='ltr'><strong>dustriae</strong></span> <span class='ocrx_word' id='word_1_517' title='bbox 1939 1903 2024 1942; x_wconf 91' lang='lat' dir='ltr'><strong>eius</strong></span> <span class='ocrx_word' id='word_1_518' title='bbox 2052 1903 2395 1953; x_wconf 89' lang='lat' dir='ltr'><strong>innocentiaeque.</strong></span> <span class='ocrx_word' id='word_1_519' title='bbox 2449 1903 2499 1942; x_wconf 89' lang='lat' dir='ltr'><strong>A.</strong></span> <span class='ocrx_word' id='word_1_520' title='bbox 2529 1904 2590 1952; x_wconf 88' lang='lat'><strong>16,</strong></span> <span class='ocrx_word' id='word_1_521' title='bbox 2620 1903 2670 1941; x_wconf 89' lang='grc'><strong>23</strong></span> <span class='ocrx_word' id='word_1_522' title='bbox 2709 1902 2817 1940; x_wconf 92' lang='lat' dir='ltr'><strong>iusti·</strong></span> 
     </span>
     <span class='ocr_line' id='line_1_93' title="bbox 1733 1954 2174 2004; baseline -0.002 -12"><span class='ocrx_word' id='word_1_523' title='bbox 1733 1954 1790 1992; x_wconf 90' lang='lat' dir='ltr'><strong>tia</strong></span> <span class='ocrx_word' id='word_1_524' title='bbox 1817 1958 1940 2004; x_wconf 86' lang='lat' dir='ltr'><strong>atque</strong></span> <span class='ocrx_word' id='word_1_525' title='bbox 1968 1954 2174 1993; x_wconf 86' lang='lat' dir='ltr'><strong>industria.</strong></span> 
     </span>
    </p>

    <p class='ocr_par' dir='ltr' id='par_1_58' title="bbox 1680 2003 2818 2096">
     <span class='ocr_line' id='line_1_94' title="bbox 1680 2003 2818 2063; baseline -0.001 -20"><span class='ocrx_word' id='word_1_526' title='bbox 1680 2004 1730 2043; x_wconf 91' lang='lat' dir='ltr'><strong>H.</strong></span> <span class='ocrx_word' id='word_1_527' title='bbox 1758 2007 1796 2063; x_wconf 94' lang='grc'>4,</span> <span class='ocrx_word' id='word_1_528' title='bbox 1827 2008 1872 2044; x_wconf 94' lang='grc'><strong>11</strong></span> <span class='ocrx_word' id='word_1_529' title='bbox 1902 2006 2088 2054; x_wconf 87' lang='lat' dir='ltr'><strong>ignaviae</strong></span> <span class='ocrx_word' id='word_1_530' title='bbox 2115 2005 2395 2055; x_wconf 84' lang='lat' dir='ltr'><strong>infamiaeque.</strong></span> <span class='ocrx_word' id='word_1_531' title='bbox 2430 2004 2479 2044; x_wconf 93' lang='lat' dir='ltr'><strong>A.</strong></span> <span class='ocrx_word' id='word_1_532' title='bbox 2507 2006 2545 2055; x_wconf 88' lang='grc'><strong>3,</strong></span> <span class='ocrx_word' id='word_1_533' title='bbox 2573 2005 2623 2044; x_wconf 87' lang='grc'><strong>52</strong></span> <span class='ocrx_word' id='word_1_534' title='bbox 2652 2003 2818 2054; x_wconf 88' lang='lat' dir='ltr'><strong>ignomi-</strong></span> 
     </span>
     <span class='ocr_line' id='line_1_95' title="bbox 1732 2055 2152 2096; baseline 0.002 -2"><span class='ocrx_word' id='word_1_535' title='bbox 1732 2055 1839 2094; x_wconf 91' lang='lat' dir='ltr'><strong>niam</strong></span> <span class='ocrx_word' id='word_1_536' title='bbox 1867 2059 1907 2096; x_wconf 92' lang='lat' dir='ltr'><strong>et</strong></span> <span class='ocrx_word' id='word_1_537' title='bbox 1935 2055 2152 2096; x_wconf 87' lang='lat' dir='ltr'><strong>infamiam.</strong></span> 
     </span>
    </p>

    <p class='ocr_par' dir='ltr' id='par_1_59' title="bbox 1679 2107 2534 2157">
     <span class='ocr_line' id='line_1_96' title="bbox 1679 2107 2534 2157; baseline 0.001 -12"><span class='ocrx_word' id='word_1_538' title='bbox 1679 2107 1728 2145; x_wconf 88' lang='lat' dir='ltr'><strong>A.</strong></span> <span class='ocrx_word' id='word_1_539' title='bbox 1760 2111 1819 2157; x_wconf 93' lang='grc'><strong>11,</strong></span> <span class='ocrx_word' id='word_1_540' title='bbox 1848 2110 1897 2146; x_wconf 87' lang='grc'><strong>26</strong></span> <span class='ocrx_word' id='word_1_541' title='bbox 1925 2109 2081 2146; x_wconf 91' lang='lat' dir='ltr'><strong>insidiis</strong></span> <span class='ocrx_word' id='word_1_542' title='bbox 2109 2109 2324 2157; x_wconf 87' lang='lat' dir='ltr'><strong>incautum,</strong></span> <span class='ocrx_word' id='word_1_543' title='bbox 2352 2108 2410 2146; x_wconf 89' lang='lat' dir='ltr'><strong>ita</strong></span> <span class='ocrx_word' id='word_1_544' title='bbox 2438 2108 2534 2146; x_wconf 86' lang='lat' dir='ltr'><strong>irae.</strong></span> 
     </span>
    </p>

    <p class='ocr_par' dir='ltr' id='par_1_60' title="bbox 1678 2156 2817 2248">
     <span class='ocr_line' id='line_1_97' title="bbox 1678 2156 2817 2247; baseline 0 -50"><span class='ocrx_word' id='word_1_545' title='bbox 1678 2158 1726 2197; x_wconf 90' lang='lat' dir='ltr'><strong>A.</strong></span> <span class='ocrx_word' id='word_1_546' title='bbox 1755 2160 1792 2208; x_wconf 93' lang='grc'><strong>2,</strong></span> <span class='ocrx_word' id='word_1_547' title='bbox 1781 2160 1871 2247; x_wconf 61' lang='grc'>,(1115</span> <span class='ocrx_word' id='word_1_548' title='bbox 1898 2158 1925 2198; x_wconf 93' lang='lat' dir='ltr'><strong>f.</strong></span> <span class='ocrx_word' id='word_1_549' title='bbox 1954 2158 2015 2198; x_wconf 90' lang='lat' dir='ltr'><strong>ius</strong></span> <span class='ocrx_word' id='word_1_550' title='bbox 2042 2162 2082 2199; x_wconf 89' lang='lat' dir='ltr'><strong>et</strong></span> <span class='ocrx_word' id='word_1_551' title='bbox 2110 2158 2304 2199; x_wconf 86' lang='lat' dir='ltr'><strong>iniuriam.</strong></span> <span class='ocrx_word' id='word_1_552' title='bbox 2358 2158 2407 2198; x_wconf 92' lang='lat' dir='ltr'><strong>A.</strong></span> <span class='ocrx_word' id='word_1_553' title='bbox 2437 2160 2499 2209; x_wconf 87' lang='grc'><strong>12,</strong></span> <span class='ocrx_word' id='word_1_554' title='bbox 2527 2158 2577 2199; x_wconf 90' lang='grc'><strong>69</strong></span> <span class='ocrx_word' id='word_1_555' title='bbox 2605 2156 2748 2198; x_wconf 88' lang='lat' dir='ltr'><strong>iniuria</strong></span> <span class='ocrx_word' id='word_1_556' title='bbox 2778 2161 2817 2197; x_wconf 93' lang='lat' dir='ltr'><strong>et</strong></span> 
     </span>
     <span class='ocr_line' id='line_1_98' title="bbox 1731 2209 1896 2248; baseline 0.007 -1"><span class='ocrx_word' id='word_1_557' title='bbox 1731 2209 1813 2247; x_wconf 90' lang='lat' dir='ltr'><strong>invi</strong></span> <span class='ocrx_word' id='word_1_558' title='bbox 1844 2221 1896 2248; x_wconf 82' lang='lat' dir='ltr'><strong>ia.</strong></span> 
     </span>
    </p>

    <p class='ocr_par' dir='ltr' id='par_1_61' title="bbox 1678 2259 2812 2361">
     <span class='ocr_line' id='line_1_99' title="bbox 1678 2259 2812 2308; baseline 0 -11"><span class='ocrx_word' id='word_1_559' title='bbox 1678 2261 1726 2298; x_wconf 92' lang='lat' dir='ltr'><strong>A.</strong></span> <span class='ocrx_word' id='word_1_560' title='bbox 1757 2260 1817 2308; x_wconf 92' lang='lat'><strong>13,</strong></span> <span class='ocrx_word' id='word_1_561' title='bbox 1846 2263 1895 2298; x_wconf 92' lang='grc'><strong>42</strong></span> <span class='ocrx_word' id='word_1_562' title='bbox 1924 2262 2040 2299; x_wconf 88' lang='lat' dir='ltr'><strong>simul</strong></span> <span class='ocrx_word' id='word_1_563' title='bbox 2067 2261 2212 2300; x_wconf 88' lang='lat' dir='ltr'><strong>studiis</strong></span> <span class='ocrx_word' id='word_1_564' title='bbox 2239 2261 2435 2299; x_wconf 89' lang='lat' dir='ltr'><strong>inertibus</strong></span> <span class='ocrx_word' id='word_1_565' title='bbox 2462 2264 2503 2298; x_wconf 86' lang='lat' dir='ltr'><strong>et</strong></span> <span class='ocrx_word' id='word_1_566' title='bbox 2530 2260 2717 2299; x_wconf 88' lang='lat' dir='ltr'><strong>iuvenum</strong></span> <span class='ocrx_word' id='word_1_567' title='bbox 2745 2259 2812 2297; x_wconf 91' lang='lat' dir='ltr'><strong>im</strong></span> 
     </span>
     <span class='ocr_line' id='line_1_100' title="bbox 1729 2288 1910 2361; baseline 0.006 -12"><span class='ocrx_word' id='word_1_568' title='bbox 1729 2288 1910 2361; x_wconf 87' lang='lat' dir='ltr'><strong>peritiae.</strong></span> 
     </span>
    </p>
   </div>
   <div class='ocr_carea' id='block_1_22' title="bbox 1577 2359 2760 2455">
    <p class='ocr_par' dir='ltr' id='par_1_62' title="bbox 1577 2359 2760 2455">
     <span class='ocr_line' id='line_1_101' title="bbox 1602 2359 2760 2402; baseline -0.004 0.032"><span class='ocrx_word' id='word_1_569' title='bbox 1602 2365 1638 2402; x_wconf 86' lang='grc'><strong>5.</strong></span> <span class='ocrx_word' id='word_1_570' title='bbox 1678 2362 1824 2401; x_wconf 90' lang='lat' dir='ltr'><strong>invidis</strong></span> <span class='ocrx_word' id='word_1_571' title='bbox 1851 2366 1892 2401; x_wconf 91' lang='lat' dir='ltr'><strong>et</strong></span> <span class='ocrx_word' id='word_1_572' title='bbox 1918 2362 2102 2401; x_wconf 89' lang='lat' dir='ltr'><strong>inimicis.</strong></span> <span class='ocrx_word' id='word_1_573' title='bbox 2156 2365 2181 2402; x_wconf 87' lang='lat'>9</span> <span class='ocrx_word' id='word_1_574' title='bbox 2207 2364 2365 2402; x_wconf 89' lang='lat' dir='ltr'><strong>inanem</strong></span> <span class='ocrx_word' id='word_1_575' title='bbox 2393 2365 2434 2400; x_wconf 92' lang='lat' dir='ltr'><strong>et</strong></span> <span class='ocrx_word' id='word_1_576' title='bbox 2461 2359 2760 2399; x_wconf 87' lang='lat' dir='ltr'><strong>infructuosam.</strong></span> 
     </span>
     <span class='ocr_line' id='line_1_102' title="bbox 1577 2413 2257 2455; baseline -0.005 0"><span class='ocrx_word' id='word_1_577' title='bbox 1577 2419 1637 2455; x_wconf 89' lang='lat'><strong>16.</strong></span> <span class='ocrx_word' id='word_1_578' title='bbox 1677 2414 1896 2453; x_wconf 89' lang='lat' dir='ltr'><strong>inauditum</strong></span> <span class='ocrx_word' id='word_1_579' title='bbox 1925 2419 1965 2453; x_wconf 92' lang='lat' dir='ltr'><strong>et</strong></span> <span class='ocrx_word' id='word_1_580' title='bbox 1992 2413 2257 2453; x_wconf 85' lang='lat' dir='ltr'><strong>indefensum.</strong></span> 
     </span>
    </p>
   </div>
   <div class='ocr_carea' id='block_1_23' title="bbox 1671 2462 2819 3428">
    <p class='ocr_par' dir='ltr' id='par_1_63' title="bbox 1671 2462 2816 2555">
     <span class='ocr_line' id='line_1_103' title="bbox 1671 2462 2816 2554; baseline -0.002 -50"><span class='ocrx_word' id='word_1_581' title='bbox 1671 2465 1721 2504; x_wconf 91' lang='lat' dir='ltr'><strong>H.</strong></span> <span class='ocrx_word' id='word_1_582' title='bbox 1752 2468 1786 2514; x_wconf 95' lang='lat'>1,</span> <span class='ocrx_word' id='word_1_583' title='bbox 1815 2466 2036 2554; x_wconf 71' lang='lat' dir='ltr'><strong>6dinauditi</strong></span> <span class='ocrx_word' id='word_1_584' title='bbox 2064 2469 2105 2505; x_wconf 91' lang='lat' dir='ltr'><strong>et</strong></span> <span class='ocrx_word' id='word_1_585' title='bbox 2131 2462 2340 2506; x_wconf 78' lang='lat' dir='ltr'><strong>indefensi.</strong></span> <span class='ocrx_word' id='word_1_586' title='bbox 2375 2464 2424 2504; x_wconf 91' lang='lat' dir='ltr'><strong>A.</strong></span> <span class='ocrx_word' id='word_1_587' title='bbox 2452 2465 2490 2514; x_wconf 90' lang='grc'><strong>2,</strong></span> <span class='ocrx_word' id='word_1_588' title='bbox 2518 2464 2568 2504; x_wconf 83' lang='grc'><strong>77</strong></span> <span class='ocrx_word' id='word_1_589' title='bbox 2595 2462 2816 2503; x_wconf 84' lang='lat' dir='ltr'><strong>inauditum</strong></span> 
     </span>
     <span class='ocr_line' id='line_1_104' title="bbox 1729 2516 1876 2555; baseline 0 -1"><span class='ocrx_word' id='word_1_590' title='bbox 1729 2519 1768 2555; x_wconf 93' lang='lat' dir='ltr'><strong>et</strong></span> <span class='ocrx_word' id='word_1_591' title='bbox 1795 2516 1835 2553; x_wconf 93' lang='lat' dir='ltr'><strong>in</strong></span> <span class='ocrx_word' id='word_1_592' title='bbox 1866 2543 1876 2554; x_wconf 93' lang='lat'><strong>.</strong></span> 
     </span>
    </p>

    <p class='ocr_par' dir='ltr' id='par_1_64' title="bbox 1677 2563 2817 2659">
     <span class='ocr_line' id='line_1_105' title="bbox 1677 2563 2817 2616; baseline -0.001 -11"><span class='ocrx_word' id='word_1_593' title='bbox 1677 2567 1754 2616; x_wconf 87' lang='lat' dir='ltr'><strong>Ag.</strong></span> <span class='ocrx_word' id='word_1_594' title='bbox 1782 2570 1832 2606; x_wconf 88' lang='lat'>46</span> <span class='ocrx_word' id='word_1_595' title='bbox 1859 2569 2004 2607; x_wconf 87' lang='lat' dir='ltr'><strong>multos</strong></span> <span class='ocrx_word' id='word_1_596' title='bbox 2031 2570 2212 2606; x_wconf 84' lang='lat' dir='ltr'><strong>veterum</strong></span> <span class='ocrx_word' id='word_1_597' title='bbox 2237 2568 2350 2607; x_wconf 82' lang='lat' dir='ltr'><strong>velut</strong></span> <span class='ocrx_word' id='word_1_598' title='bbox 2374 2564 2569 2616; x_wconf 81' lang='lat' dir='ltr'><strong>inglorios</strong></span> <span class='ocrx_word' id='word_1_599' title='bbox 2595 2568 2636 2605; x_wconf 92' lang='lat' dir='ltr'><strong>et</strong></span> <span class='ocrx_word' id='word_1_600' title='bbox 2664 2563 2817 2615; x_wconf 90' lang='lat' dir='ltr'><strong>ignobi-</strong></span> 
     </span>
     <span class='ocr_line' id='line_1_106' title="bbox 1731 2618 2141 2659; baseline 0 -1"><span class='ocrx_word' id='word_1_601' title='bbox 1731 2619 1789 2658; x_wconf 92' lang='lat' dir='ltr'><strong>les</strong></span> <span class='ocrx_word' id='word_1_602' title='bbox 1818 2618 1967 2659; x_wconf 93' lang='lat' dir='ltr'><strong>oblivio</strong></span> <span class='ocrx_word' id='word_1_603' title='bbox 1995 2618 2141 2659; x_wconf 89' lang='lat' dir='ltr'><strong>obruit.</strong></span> 
     </span>
    </p>

    <p class='ocr_par' dir='ltr' id='par_1_65' title="bbox 1682 2668 2623 2720">
     <span class='ocr_line' id='line_1_107' title="bbox 1682 2668 2623 2720; baseline -0.002 -12"><span class='ocrx_word' id='word_1_604' title='bbox 1682 2669 1730 2708; x_wconf 93' lang='lat' dir='ltr'><strong>G.</strong></span> <span class='ocrx_word' id='word_1_605' title='bbox 1760 2672 1807 2709; x_wconf 89' lang='grc'><strong>12</strong></span> <span class='ocrx_word' id='word_1_606' title='bbox 1836 2670 2004 2720; x_wconf 87' lang='lat' dir='ltr'><strong>ignavos</strong></span> <span class='ocrx_word' id='word_1_607' title='bbox 2031 2673 2072 2709; x_wconf 92' lang='lat' dir='ltr'><strong>et</strong></span> <span class='ocrx_word' id='word_1_608' title='bbox 2099 2669 2279 2708; x_wconf 84' lang='lat' dir='ltr'><strong>imbelles</strong></span> <span class='ocrx_word' id='word_1_609' title='bbox 2308 2672 2349 2708; x_wconf 87' lang='lat' dir='ltr'><strong>et</strong></span> <span class='ocrx_word' id='word_1_610' title='bbox 2378 2680 2412 2707; x_wconf 90' lang='lat' dir='ltr'><strong>c.</strong></span> <span class='ocrx_word' id='word_1_611' title='bbox 2440 2668 2623 2707; x_wconf 84' lang='lat' dir='ltr'><strong>infames.</strong></span> 
     </span>
    </p>

    <p class='ocr_par' dir='ltr' id='par_1_66' title="bbox 1681 2719 2819 2832">
     <span class='ocr_line' id='line_1_108' title="bbox 1681 2719 2819 2780; baseline -0.001 -21"><span class='ocrx_word' id='word_1_612' title='bbox 1681 2721 1757 2770; x_wconf 89' lang='lat' dir='ltr'><strong>Ag.</strong></span> <span class='ocrx_word' id='word_1_613' title='bbox 1788 2723 1836 2760; x_wconf 93' lang='lat'><strong>15</strong></span> <span class='ocrx_word' id='word_1_614' title='bbox 1877 2721 1924 2761; x_wconf 87' lang='lat' dir='ltr'><strong>G.</strong></span> <span class='ocrx_word' id='word_1_615' title='bbox 1953 2724 2001 2762; x_wconf 91' lang='lat'><strong>31</strong></span> <span class='ocrx_word' id='word_1_616' title='bbox 2042 2721 2201 2780; x_wconf 81' lang='lat' dir='ltr'><strong>ignavis</strong></span> <span class='ocrx_word' id='word_1_617' title='bbox 2234 2724 2278 2760; x_wconf 88' lang='lat' dir='ltr'><strong>et</strong></span> <span class='ocrx_word' id='word_1_618' title='bbox 2303 2719 2542 2760; x_wconf 84' lang='lat' dir='ltr'><strong>imbellibus.</strong></span> <span class='ocrx_word' id='word_1_619' title='bbox 2596 2719 2738 2769; x_wconf 82' lang='lat' dir='ltr'><strong>A.12,</strong></span> <span class='ocrx_word' id='word_1_620' title='bbox 2772 2722 2819 2758; x_wconf 86' lang='grc'><strong>12</strong></span> 
     </span>
     <span class='ocr_line' id='line_1_109' title="bbox 1734 2772 2257 2832; baseline 0.004 -23"><span class='ocrx_word' id='word_1_621' title='bbox 1734 2772 1952 2810; x_wconf 86' lang='lat' dir='ltr'><strong>industrios</strong></span> <span class='ocrx_word' id='word_1_622' title='bbox 1978 2775 2049 2811; x_wconf 86' lang='lat' dir='ltr'><strong>aut</strong></span> <span class='ocrx_word' id='word_1_623' title='bbox 2076 2773 2257 2832; x_wconf 83' lang='lat' dir='ltr'><strong>ignavos.</strong></span> 
     </span>
    </p>

    <p class='ocr_par' dir='ltr' id='par_1_67' title="bbox 1673 2819 2818 2924">
     <span class='ocr_line' id='line_1_110' title="bbox 1673 2819 2818 2872; baseline -0.003 -10"><span class='ocrx_word' id='word_1_624' title='bbox 1673 2823 1751 2872; x_wconf 87' lang='lat' dir='ltr'><strong>Ag.</strong></span> <span class='ocrx_word' id='word_1_625' title='bbox 1779 2825 1826 2863; x_wconf 90' lang='lat'><strong>31</strong></span> <span class='ocrx_word' id='word_1_626' title='bbox 1856 2823 2003 2872; x_wconf 85' lang='lat' dir='ltr'><strong>integri</strong></span> <span class='ocrx_word' id='word_1_627' title='bbox 2030 2826 2072 2863; x_wconf 90' lang='lat' dir='ltr'><strong>et</strong></span> <span class='ocrx_word' id='word_1_628' title='bbox 2098 2823 2292 2862; x_wconf 81' lang='lat' dir='ltr'><strong>indomiti.</strong></span> <span class='ocrx_word' id='word_1_629' title='bbox 2346 2821 2397 2862; x_wconf 88' lang='lat' dir='ltr'><strong>H.</strong></span> <span class='ocrx_word' id='word_1_630' title='bbox 2428 2825 2464 2872; x_wconf 93' lang='lat'>1,</span> <span class='ocrx_word' id='word_1_631' title='bbox 2492 2823 2542 2862; x_wconf 84' lang='lat'><strong>71</strong></span> <span class='ocrx_word' id='word_1_632' title='bbox 2571 2820 2599 2861; x_wconf 91' lang='lat' dir='ltr'><strong>f.</strong></span> <span class='ocrx_word' id='word_1_633' title='bbox 2635 2819 2735 2860; x_wconf 88' lang='lat' dir='ltr'><strong>fides</strong></span> <span class='ocrx_word' id='word_1_634' title='bbox 2763 2819 2818 2859; x_wconf 92' lang='lat' dir='ltr'><strong>in—</strong></span> 
     </span>
     <span class='ocr_line' id='line_1_111' title="bbox 1711 2836 2089 2924; baseline 0.003 -11.046"><span class='ocrx_word' id='word_1_635' title='bbox 1711 2836 1842 2924; x_wconf 84' lang='lat' dir='ltr'><strong>gtegra</strong></span> <span class='ocrx_word' id='word_1_636' title='bbox 1871 2877 1912 2913; x_wconf 92' lang='lat' dir='ltr'><strong>et</strong></span> <span class='ocrx_word' id='word_1_637' title='bbox 1939 2874 2089 2914; x_wconf 89' lang='lat' dir='ltr'><strong>infelix.</strong></span> 
     </span>
    </p>

    <p class='ocr_par' dir='ltr' id='par_1_68' title="bbox 1675 2923 2818 3078">
     <span class='ocr_line' id='line_1_112' title="bbox 1675 2923 2818 2975; baseline -0.003 -12"><span class='ocrx_word' id='word_1_638' title='bbox 1675 2924 1725 2963; x_wconf 90' lang='grc' dir='ltr'><strong>Η.</strong></span> <span class='ocrx_word' id='word_1_639' title='bbox 1755 2928 1791 2975; x_wconf 90' lang='grc'><strong>3,</strong></span> <span class='ocrx_word' id='word_1_640' title='bbox 1822 2928 1870 2965; x_wconf 88' lang='grc'><strong>13</strong></span> <span class='ocrx_word' id='word_1_641' title='bbox 1897 2925 1924 2963; x_wconf 89' lang='lat' dir='ltr'><strong>f.</strong></span> <span class='ocrx_word' id='word_1_642' title='bbox 1957 2926 2136 2975; x_wconf 86' lang='lat' dir='ltr'><strong>integros</strong></span> <span class='ocrx_word' id='word_1_643' title='bbox 2162 2925 2482 2975; x_wconf 87' lang='lat' dir='ltr'><strong>incruentosque.</strong></span> <span class='ocrx_word' id='word_1_644' title='bbox 2537 2924 2589 2963; x_wconf 91' lang='lat' dir='ltr'><strong>H.</strong></span> <span class='ocrx_word' id='word_1_645' title='bbox 2616 2926 2655 2972; x_wconf 91' lang='lat'><strong>4,</strong></span> <span class='ocrx_word' id='word_1_646' title='bbox 2684 2924 2735 2963; x_wconf 91' lang='lat'><strong>35</strong></span> <span class='ocrx_word' id='word_1_647' title='bbox 2763 2923 2818 2960; x_wconf 91' lang='lat' dir='ltr'><strong>in-</strong></span> 
     </span>
     <span class='ocr_line' id='line_1_113' title="bbox 1726 2973 2814 3024; baseline -0.003 -9"><span class='ocrx_word' id='word_1_648' title='bbox 1726 2977 1917 3015; x_wconf 86' lang='lat' dir='ltr'><strong>domitum</strong></span> <span class='ocrx_word' id='word_1_649' title='bbox 1945 2977 2109 3015; x_wconf 91' lang='lat' dir='ltr'><strong>militem</strong></span> <span class='ocrx_word' id='word_1_650' title='bbox 2137 2980 2178 3015; x_wconf 89' lang='lat' dir='ltr'><strong>et</strong></span> <span class='ocrx_word' id='word_1_651' title='bbox 2204 2977 2243 3015; x_wconf 92' lang='lat' dir='ltr'><strong>d.</strong></span> <span class='ocrx_word' id='word_1_652' title='bbox 2272 2975 2481 3015; x_wconf 86' lang='lat' dir='ltr'><strong>infensum.</strong></span> <span class='ocrx_word' id='word_1_653' title='bbox 2535 2975 2587 3014; x_wconf 89' lang='lat' dir='ltr'><strong>H.</strong></span> <span class='ocrx_word' id='word_1_654' title='bbox 2614 2976 2653 3024; x_wconf 90' lang='grc'>4,</span> <span class='ocrx_word' id='word_1_655' title='bbox 2682 2975 2734 3013; x_wconf 85' lang='grc'><strong>70</strong></span> <span class='ocrx_word' id='word_1_656' title='bbox 2758 2973 2814 3012; x_wconf 93' lang='lat' dir='ltr'><strong>in-</strong></span> 
     </span>
     <span class='ocr_line' id='line_1_114' title="bbox 1725 3027 2199 3078; baseline 0.002 -13"><span class='ocrx_word' id='word_1_657' title='bbox 1725 3028 1835 3066; x_wconf 90' lang='lat' dir='ltr'><strong>visus</strong></span> <span class='ocrx_word' id='word_1_658' title='bbox 1862 3039 1899 3066; x_wconf 90' lang='lat' dir='ltr'><strong>a.</strong></span> <span class='ocrx_word' id='word_1_659' title='bbox 1929 3027 2199 3078; x_wconf 85' lang='lat' dir='ltr'><strong>infensusque.</strong></span> 
     </span>
    </p>

    <p class='ocr_par' dir='ltr' id='par_1_69' title="bbox 1680 3073 2818 3272">
     <span class='ocr_line' id='line_1_115' title="bbox 1680 3073 2818 3134; baseline -0.006 -16"><span class='ocrx_word' id='word_1_660' title='bbox 1680 3078 1730 3118; x_wconf 88' lang='lat' dir='ltr'><strong>H.</strong></span> <span class='ocrx_word' id='word_1_661' title='bbox 1758 3080 1795 3128; x_wconf 89' lang='grc'><strong>2,</strong></span> <span class='ocrx_word' id='word_1_662' title='bbox 1824 3081 1875 3119; x_wconf 89' lang='grc'><strong>60</strong></span> <span class='ocrx_word' id='word_1_663' title='bbox 1901 3079 1928 3119; x_wconf 90' lang='lat' dir='ltr'><strong>f.</strong></span> <span class='ocrx_word' id='word_1_664' title='bbox 1956 3079 2160 3117; x_wconf 87' lang='lat' dir='ltr'><strong>innoxium</strong></span> <span class='ocrx_word' id='word_1_665' title='bbox 2188 3081 2229 3118; x_wconf 90' lang='lat' dir='ltr'><strong>et</strong></span> <span class='ocrx_word' id='word_1_666' title='bbox 2254 3078 2485 3129; x_wconf 87' lang='lat' dir='ltr'><strong>inemptum.</strong></span> <span class='ocrx_word' id='word_1_667' title='bbox 2512 3077 2563 3116; x_wconf 90' lang='lat' dir='ltr'><strong>H.</strong></span> <span class='ocrx_word' id='word_1_668' title='bbox 2577 3078 2614 3125; x_wconf 93' lang='lat'><strong>3,</strong></span> <span class='ocrx_word' id='word_1_669' title='bbox 2627 3076 2679 3114; x_wconf 79' lang='grc'>47</span> <span class='ocrx_word' id='word_1_670' title='bbox 2698 3073 2818 3134; x_wconf 73' lang='lat' dir='ltr'><strong>indis-</strong></span> 
     </span>
     <span class='ocr_line' id='line_1_116' title="bbox 1731 3124 2816 3179; baseline -0.007 -10"><span class='ocrx_word' id='word_1_671' title='bbox 1731 3135 1880 3170; x_wconf 86' lang='lat' dir='ltr'><strong>eretum</strong></span> <span class='ocrx_word' id='word_1_672' title='bbox 1908 3133 1948 3170; x_wconf 87' lang='lat' dir='ltr'><strong>et</strong></span> <span class='ocrx_word' id='word_1_673' title='bbox 1975 3130 2190 3169; x_wconf 87' lang='lat' dir='ltr'><strong>innoxium.</strong></span> <span class='ocrx_word' id='word_1_674' title='bbox 2244 3130 2294 3169; x_wconf 92' lang='lat' dir='ltr'><strong>H.</strong></span> <span class='ocrx_word' id='word_1_675' title='bbox 2322 3131 2360 3179; x_wconf 93' lang='lat'><strong>3,</strong></span> <span class='ocrx_word' id='word_1_676' title='bbox 2389 3132 2439 3169; x_wconf 84' lang='grc'>74</span> <span class='ocrx_word' id='word_1_677' title='bbox 2477 3127 2680 3167; x_wconf 87' lang='lat' dir='ltr'><strong>immixtus</strong></span> <span class='ocrx_word' id='word_1_678' title='bbox 2707 3124 2816 3175; x_wconf 89' lang='lat' dir='ltr'><strong>igno-</strong></span> 
     </span>
     <span class='ocr_line' id='line_1_117' title="bbox 1731 3176 2818 3232; baseline -0.007 -11"><span class='ocrx_word' id='word_1_679' title='bbox 1731 3184 1934 3232; x_wconf 89' lang='lat' dir='ltr'><strong>ratusque.</strong></span> <span class='ocrx_word' id='word_1_680' title='bbox 1982 3181 2032 3220; x_wconf 91' lang='lat' dir='ltr'><strong>H.</strong></span> <span class='ocrx_word' id='word_1_681' title='bbox 2064 3184 2099 3232; x_wconf 91' lang='lat'>1,</span> <span class='ocrx_word' id='word_1_682' title='bbox 2128 3182 2178 3221; x_wconf 90' lang='lat'><strong>63</strong></span> <span class='ocrx_word' id='word_1_683' title='bbox 2205 3180 2389 3220; x_wconf 86' lang='lat' dir='ltr'><strong>instructi</strong></span> <span class='ocrx_word' id='word_1_684' title='bbox 2428 3178 2664 3228; x_wconf 89' lang='lat' dir='ltr'><strong>intentique.</strong></span> <span class='ocrx_word' id='word_1_685' title='bbox 2703 3176 2752 3214; x_wconf 93' lang='lat' dir='ltr'><strong>A.</strong></span> <span class='ocrx_word' id='word_1_686' title='bbox 2779 3178 2818 3226; x_wconf 90' lang='grc'><strong>2,</strong></span> 
     </span>
     <span class='ocr_line' id='line_1_118' title="bbox 1733 3210 2288 3272; baseline 0 -1"><span class='ocrx_word' id='word_1_687' title='bbox 1733 3236 1780 3271; x_wconf 89' lang='grc'><strong>12</strong></span> <span class='ocrx_word' id='word_1_688' title='bbox 1809 3233 1988 3272; x_wconf 88' lang='lat' dir='ltr'><strong>immensi</strong></span> <span class='ocrx_word' id='word_1_689' title='bbox 2015 3236 2055 3271; x_wconf 89' lang='lat' dir='ltr'><strong>et</strong></span> <span class='ocrx_word' id='word_1_690' title='bbox 2082 3210 2288 3271; x_wconf 85' lang='lat' dir='ltr'><strong>inconditi.</strong></span> 
     </span>
    </p>

    <p class='ocr_par' dir='ltr' id='par_1_70' title="bbox 1679 3278 2817 3428">
     <span class='ocr_line' id='line_1_119' title="bbox 1679 3278 2817 3343; baseline -0.004 -20"><span class='ocrx_word' id='word_1_691' title='bbox 1679 3285 1794 3333; x_wconf 87' lang='lat' dir='ltr'><strong>H.3‚</strong></span> <span class='ocrx_word' id='word_1_692' title='bbox 1826 3288 1873 3323; x_wconf 88' lang='grc'><strong>14</strong></span> <span class='ocrx_word' id='word_1_693' title='bbox 1912 3285 2075 3343; x_wconf 75' lang='lat' dir='ltr'><strong>ignaros</strong></span> <span class='ocrx_word' id='word_1_694' title='bbox 2114 3287 2154 3322; x_wconf 90' lang='lat' dir='ltr'><strong>et</strong></span> <span class='ocrx_word' id='word_1_695' title='bbox 2192 3284 2384 3322; x_wconf 89' lang='lat' dir='ltr'><strong>insontes.</strong></span> <span class='ocrx_word' id='word_1_696' title='bbox 2450 3280 2501 3319; x_wconf 91' lang='lat' dir='ltr'><strong>H.</strong></span> <span class='ocrx_word' id='word_1_697' title='bbox 2529 3281 2567 3328; x_wconf 89' lang='lat'><strong>4,</strong></span> <span class='ocrx_word' id='word_1_698' title='bbox 2595 3279 2646 3319; x_wconf 82' lang='lat'><strong>59</strong></span> <span class='ocrx_word' id='word_1_699' title='bbox 2685 3278 2817 3318; x_wconf 92' lang='lat' dir='ltr'><strong>incon-</strong></span> 
     </span>
     <span class='ocr_line' id='line_1_120' title="bbox 1730 3329 2818 3387; baseline -0.006 -12"><span class='ocrx_word' id='word_1_700' title='bbox 1730 3340 1847 3387; x_wconf 83' lang='lat' dir='ltr'><strong>rupta</strong></span> <span class='ocrx_word' id='word_1_701' title='bbox 1874 3337 1997 3386; x_wconf 80' lang='lat' dir='ltr'><strong>atque</strong></span> <span class='ocrx_word' id='word_1_702' title='bbox 2023 3334 2273 3377; x_wconf 82' lang='lat' dir='ltr'><strong>intemerata.</strong></span> <span class='ocrx_word' id='word_1_703' title='bbox 2323 3333 2372 3374; x_wconf 89' lang='lat' dir='ltr'><strong>A.</strong></span> <span class='ocrx_word' id='word_1_704' title='bbox 2403 3334 2438 3383; x_wconf 91' lang='lat'>1,</span> <span class='ocrx_word' id='word_1_705' title='bbox 2465 3332 2516 3371; x_wconf 89' lang='grc'><strong>42</strong></span> <span class='ocrx_word' id='word_1_706' title='bbox 2548 3329 2729 3371; x_wconf 84' lang='lat' dir='ltr'><strong>inausum</strong></span> <span class='ocrx_word' id='word_1_707' title='bbox 2763 3329 2818 3369; x_wconf 92' lang='lat' dir='ltr'><strong>in·</strong></span> 
     </span>
     <span class='ocr_line' id='line_1_121' title="bbox 1732 3391 2032 3428; baseline 0 -1"><span class='ocrx_word' id='word_1_708' title='bbox 1732 3391 2032 3428; x_wconf 83' lang='lat' dir='ltr'><strong>temeratumve.</strong></span> 
     </span>
    </p>
   </div>
  </div>
 </body>
</html>
