3147 3774
1421 121 1710 167 ..24-

278 309 341 346 36.
382 307 540 345 flamma
568 305 733 344 materia
762 303 883 341 alitur
909 272 949 340 e}
977 301 1153 341 motibus
1180 304 1393 342 excitatur.

278 361 341 397 31.
380 357 434 398 ad
461 356 753 396 miserationem
780 353 961 404 impellat
988 353 1056 404 qui
1093 353 1170 393 scit
1205 353 1303 404 quid
1330 354 1381 393 sit
1409 352 1522 393 mise·

381 407 550 448 ricordia
578 409 618 446 et
645 405 792 456 quibus
818 405 941 445 animi
968 405 1144 445 motibus
1173 405 1406 444 concitetur.

383 459 431 499 G.
460 461 508 498 19
529 469 579 497 ne
606 460 811 508 tamquam
839 457 1038 507 maritum,
1067 456 1140 497 sed
1167 460 1371 507 tamquam
1391 456 1524 494 matri-

429 509 603 549 monium
630 512 825 548 amarent.

376 561 454 610 Ag.
481 562 533 599 46
560 559 762 599 f.'mentis
788 559 956 598 formam
983 579 1034 586 —
1061 561 1198 598 tenere
1227 563 1268 599 et
1303 557 1526 608 exprimere

426 622 507 651 non
534 623 607 662 per
633 612 805 652 alienam
844 610 1053 652 materiam
1087 614 1127 650 et
1160 614 1306 661 artem,
1340 609 1412 649 sed
1446 609 1527 649 tuis

426 663 515 712 ipse
542 663 719 702 moribus
747 663 887 712 possit.

375 714 426 753 H.
453 716 492 763 4,
520 715 571 754 58
598 716 846 763 mortemque
880 713 921 753 in
955 716 1015 753 tot
1050 712 1166 753 malis
1192 716 1237 754 ut
1264 712 1383 752 finem
1411 712 1526 751 mise·

429 765 578 804 riarum
607 767 811 814 exspecto.
1462 795 1470 804 ,

376 816 427 855 Η.
451 818 493 905 ξ»,
528 818 579 855 23
613 828 665 854 ιιι.
693 815 887 854 miraculo
927 815 1059 866 magis
1087 827 1208 865 quam
1242 819 1352 855 metu
1382 814 1529 854 direxit

430 879 451 906 c
468 878 613 906 assem.

375 918 426 959 H.
455 921 493 968 3,
520 920 571 959 86
599 917 798 959 amicitias
826 940 877 947 —
903 917 1181 968 magnitudine
1208 929 1427 967 munerum,
1451 928 1529 956 non

429 970 658 1009 constantia
685 982 839 1009 morum
868 970 1063 1008 contineri
1089 974 1218 1020 putat.

379 1021 430 1060 H.
459 1024 498 1072 4,
527 1023 578 1061 64
604 1034 657 1060 ιιι.
684 1034 820 1061 muros
860 1021 1055 1070 coloniae,
1089 1022 1332 1060 munimenta
1376 1018 1528 1058 servitii

435 1071 675 1113 detrahatis.

382 1123 433 1164 A.
462 1128 506 1174 1,-
528 1128 576 1164 11
606 1125 657 1163 de
683 1124 959 1173 magnitudine
992 1123 1161 1173 imperii,
1199 1134 1270 1162 sua
1305 1121 1526 1160 modestia:

437 1177 566 1217 solum
607 1176 690 1214 divi
715 1174 888 1225 Augusti
927 1177 1098 1213 mentem
1132 1177 1269 1213 tantae
1309 1172 1424 1211 molis
1464 1182 1525 1210 ca-

465 1238 590 1265 acem.

385 1240 493 1326 A.p2,
512 1278 562 1316 52
590 1288 640 1315 m.
670 1275 867 1316 modicam
894 1288 1070 1325 manum,
1097 1275 1132 1315 si
1158 1274 1451 1316 multitudinem
1478 1295 1527 1301 —

435 1329 664 1368 Maurorum
691 1331 910 1379 spectares.

390 1647 610 1736 A.ml{1¹,⁰l53
636 1686 664 1725 f.
693 1688 798 1726 inter
833 1687 989 1725 nobiles
1022 1690 1062 1724 et
1098 1686 1219 1736 longa
1247 1685 1392 1725 decora
1420 1698 1533 1736 prae-

443 1738 619 1778 ferentes
647 1738 807 1777 novitas
833 1749 922 1776 mea
952 1737 1105 1776 enituit.

392 1842 473 1900 Ag.
500 1842 548 1880 19
576 1851 649 1880 nec
686 1851 816 1890 poena
852 1801 1009 1890 seli'iiper
1039 1839 1111 1879 sed
1145 1841 1307 1891 saepius
1334 1841 1536 1891 paeniten-

392 1896 515 1992 Ηυξ,
537 1946 589 1982 25
616 1947 778 1981 ventum
805 1943 858 1981 ad
886 1948 1079 1994 extrema,
1107 1943 1147 1981 ni
1174 1965 1225 1970 —
1254 1943 1363 1982 noxii
1393 1944 1538 1993 capitis

441 2005 572 2044 poena
599 1995 888 2044 paenitentiam
914 1994 1129 2034 fateantur.

390 2045 439 2085 A.
470 2048 504 2094 1,
532 2047 583 2085 45
611 2056 686 2105 nec
714 2057 844 2096 poena
880 2057 914 2085 c.
950 2046 1144 2096 exterriti,
1183 2057 1257 2085 nec
1290 2047 1538 2097 paenitentia

392 2109 670 2205 Aptilffggmsi
704 2148 1005 2198 paenitentiam,
1045 2160 1164 2198 quam
1202 2149 1418 2199 perniciem
1456 2161 1537 2188 ma-

394 2204 588 2300 htliffm'it‘i
613 2251 830 2301 perniciem
857 2252 949 2290 aliis
976 2263 1025 2290 ac
1053 2257 1298 2301 postremum
1327 2252 1416 2291 sibi.

393 2302 443 2341 H.
473 2306 508 2352 1,
537 2304 586 2344 37
614 2313 689 2342 nec
715 2303 918 2352 privatum
953 2314 1016 2343 me
1044 2314 1192 2343 vocare
1227 2304 1405 2343 sustineo
1432 2304 1537 2354 prin-

445 2366 542 2404 ceps
569 2366 593 2393 a
621 2354 738 2397 vobis
765 2355 994 2394 nominatus
1021 2365 1095 2393 nec
1122 2355 1343 2406 principem
1370 2355 1449 2394 'alio
1470 2356 1538 2393 im-

394 2410 792 2508 H.p‘1³?'¹11‘.3epraedae
818 2456 950 2508 magis
978 2469 1099 2508 quain
1126 2469 1298 2508 pugnae.

395 2508 448 2548 H.
472 2510 518 2568 ·3,
553 2510 604 2548 60
636 2520 688 2548 m.
722 2513 767 2549 ut
803 2509 979 2560 praedae
1021 2521 1141 2561 quam
1180 2510 1444 2561 periculorum
1481 2522 1541 2550 so-

396 2571 600 2672 ΗΪ128Γ47
628 2611 732 2672 hanc
766 2612 954 2652 virtutem
989 2616 1167 2672 yestram
1207 2614 1311 2653 ultra
1353 2613 1542 2663 periculis

445 2663 606 2702 obicere
634 2675 751 2701 nimis
779 2663 931 2713 grande
958 2668 1067 2702 vitae
1094 2675 1206 2703 meae
1233 2665 1403 2714 pretium
1431 2668 1541 2714 puto.

392 2714 443 2753 H.
465 2717 503 2764 3,
531 2717 583 2754 53
610 2713 638 2752 f.
667 2715 707 2752 in
736 2715 895 2753 inritum
923 2716 1083 2753 labores
1112 2715 1146 2753 si
1173 2715 1375 2764 praemia*
1388 2717 1540 2765 pericu-

441 2766 592 2855 ligi-uint
606 2765 683 2805 soli
723 2765 1010 2816 adsequantur,
1046 2765 1114 2816 qui
1149 2766 1337 2817 periculis
1363 2779 1441 2805 non
1470 2766 1538 2806 ad-

395 2828 640 2957 A.b·1(,m2¹}3‘f.
667 2867 846 2918 praemia
875 2867 950 2907 sub
980 2867 1164 2916 dominis,
1186 2879 1337 2917 poenas
1366 2869 1449 2906 sine
1476 2880 1537 2906 ai·-

393 2968 443 3006 A.
472 2920 877 3019 l‘go3i³)w(edelatorum
917 2969 1061 3019 genus)
1089 2975 1131 3008 et
1174 2982 1223 3008 ne
1267 2971 1405 3019 poenis
1455 2972 1538 3021 qui-

447 3019 540 3058 dem
567 3032 754 3070 umquam
783 3021 1100 3070 coercitum,per
1118 3022 1298 3070 praemia
1326 3022 1536 3062 elicieban-

393 3073 590 3172 &ng-54
621 3133 674 3160 m.
702 3132 777 3161 nos
813 3121 956 3172 pudor,
996 3132 1194 3174 pauperes
1235 3124 1454 3163 necessitas
1489 3145 1539 3150 —

448 3174 490 3211 in
515 3174 661 3212 melius
687 3177 825 3212 mutet.

394 3222 443 3262 A.
461 3226 511 3264 14
540 3225 587 3264 15
614 3236 667 3264 m.
690 3224 761 3263 vix
786 3223 942 3265 artibus
970 3223 1150 3264 honestis
1177 3223 1308 3275 pudor
1335 3226 1540 3276 retinetur,

448 3286 497 3313 ne
526 3287 591 3314 um
627 3277 732 3316 inter
764 3277 983 3316 certamina
1022 3277 1209 3315 vitiorum
1242 3276 1434 3326 pudicitia
1471 3283 1540 3317 aut

445 3326 646 3418 ¹rigzilclllestia
687 3331 757 3368 aut
795 3328 1014 3379 quidquam
1046 3328 1163 3378 probi
1208 3328 1330 3367 moris
1364 3341 1541 3368 reserva-

1626 407 1660 442 1.

1600 509 1663 548 23.

1598 561 1659 598 20.

387 1585 437 1624 Η.
468 1587 504 1634 1,
534 1584 584 1623 15
611 1596 663 1623 m.
693 1587 756 1624 est
798 1583 873 1624 tibi
906 1555 1032 1623 frater
1064 1584 1154 1634 pari
1185 1583 1408 1632 nobilitate,
1436 1586 1534 1623 natu
1606 1532 1670 1619 gi.

1699 251 1746 292 A.
1777 253 1838 301 12,
1867 253 1915 311 ᾷῖ
1944 251 1970 291 f.
2000 264 2152 293 summa
2177 255 2342 312 ‘seelera
2377 256 2500 307 incipi
2535 268 2623 297 cum
2650 259 2842 308 periculo,

1751 314 1892 352 peragi
1919 314 2007 342 cum
2034 315 2225 353 praemio.

1701 404 1735 442 si
1768 403 1864 442 milii
1897 416 1984 443 mea
2022 365 2299 445 sententia.·—
2325 418 2372 446 ac
2408 419 2487 449 non
2522 409 2842 449 doctissimorum

1702 466 1948 548 illudetglrssio
1967 518 2127 558 quoque
2146 519 2264 549 sensu
2280 493 2330 538 -ζ
2347 520 2420 559 pro
2437 512 2635 551 sententia
2657 512 2843 562 positum.

1700 558 1953 649 ἵξιιίἓὴεθιιειιε
1980 559 2128 609 aliquis
2153 564 2296 609 arguta
2332 564 2373 599 et
2408 561 2520 600 brevi
2555 563 2755 602 sententia
2784 564 2838 602 ef-

1702 661 1778 711 Ag.
1808 663 1831 701 6
1859 666 2001 701 auctus
2027 661 2109 702 filia
2144 685 2194 692 —
2229 662 2269 702 in
2304 662 2526 703 subsidium
2563 664 2681 703 simul
2716 669 2756 704 et
2784 678 2844 706 so-

1706 713 1964 823 G.h{lt4mi11¹i⁰ers
1991 764 2149 802 videtur
2176 764 2321 804 sudore
2348 765 2556 814 acquirere
2579 765 2687 814 quod
2714 768 2846 815 possis

1758 826 1953 864 sanguine
1978 827 2136 865 parare.

1706 865 1757 904 H.
1786 869 1822 915 1,
1851 868 1901 906 49
1928 866 1955 907 f.
1983 870 2027 906 ut
2053 865 2161 917 quod
2183 866 2354 917 segnitia
2382 869 2469 907 erat
2503 866 2701 916 sapientia
2728 878 2844 906 voca-

1759 920 1903 1018 regie}-
1932 972 1956 1009 6
1984 970 2128 1020 quibus
2156 969 2298 1008 inertia
2325 980 2397 1019 pro
2426 969 2624 1018 sapientia
2651 969 2756 1018 fuit.)

1705 1019 1756 1058 H.
1783 1021 1821 1068 2,
1850 1023 1899 1059 35
1927 1020 2035 1070 quod
2062 1021 2151 1059 loco
2179 1020 2401 1071 sapientiae
2429 1024 2504 1068 est,
2537 1021 2711 1060 alienam
2750 1021 2844 1060 stul-

1757 1069 1886 1109 titiam
1915 1071 2238 1122 opperiebantur.
2652 1103 2657 1105 .

1705 1120 1820 1211 H.181t,
1856 1124 1905 1162 37
1934 1134 1985 1193 m.
2021 1123 2276 1162 severitatem
2311 1134 2384 1172 pro
2420 1123 2588 1163 saevitia
2627 1146 2677 1152 —
2711 1124 2846 1173 appel·

1703 1221 1752 1260 A.
1783 1200 1843 1273 12,
1873 1225 1896 1263 7
1924 1223 2114 1283 f.·palam
2132 1224 2348 1283 'severitas
2381 1237 2430 1264 ac
2447 1225 2619 1284 ,saepiu-s
2647 1225 2847 1283 superbia,

1756 1273 1855 1313 nihil
1871 1273 1978 1313 domi
1993 1274 2235 1334 impudicum
2258 1286 2337 1314 nisi
2352 1274 2611 1315 dominationi
2626 1277 2847 1326 expediret.

1704 1323 1753 1362 A.
1783 1327 1918 1414 l()3„13
1962 1326 1990 1365 f.
2033 1326 2232 1367 silentium
2264 1346 2316 1353 —
2352 1326 2393 1364 in
2433 1327 2661 1377 superbiam
2702 1328 2847 1377 accipi-

1707 1381 1914 1477 segag-
1926 1427 1953 1467 f.
1983 1440 2077 1478 spes
2104 1428 2145 1468 in
2171 1428 2334 1477 virtute,
2361 1429 2471 1469 salus
2499 1440 2549 1468 ex
2577 1430 2758 1469 victoria.

2205 1493 2252 1520 s.

1707 1540 1836 1581 neque
1864 1531 2082 1572 virtutibus
2108 1542 2236 1582 neque
2265 1529 2387 1569 vitiis.

1710 1582 1789 1621 vim
1816 1583 2007 1622 virtutum
2033 1582 2356 1633 pravitatemque
2382 1581 2580 1621 vitiorum.

1712 1633 1759 1673 G.
1787 1636 1837 1673 46
1864 1634 1988 1673 victui
2014 1633 2153 1684 herba,
2181 1632 2345 1673 vestitui
2371 1633 2510 1683 pelles.

1713 1686 1791 1735 Ag.
1828 1688 1852 1725 8
1887 1685 1913 1724 f.
1953 1686 2100 1725 virtute
2140 1685 2179 1724 in
2219 1684 2490 1734 obsequendo,
2532 1685 2770 1724 verecundia
2811 1687 2849 1724 iii

1760 1737 2043 1786 praedicando.
2710 1744 2715 1748 '

1715 1788 1763 1829 G.
1792 1791 1916 1879 3lnec
1942 1794 2025 1829 tam
2052 1789 2164 1828 vocis
2191 1787 2271 1838 ille,
2300 1799 2419 1839 quam
2447 1787 2606 1828 virtutis
2635 1794 2850 1829 concentus

1765 1841 1934 1880 vitetur.

1714 1891 1791 1941 Ag.
1819 1895 1868 1932 41
1897 1894 2013 1932 simul
2039 1892 2122 1931 suis
2148 1891 2376 1941 virtutibus,
2406 1891 2522 1930 simul
2547 1892 2657 1932 vitiis
2684 1893 2850 1931 aliorum

1767 1943 1807 1982 in
1835 1945 1962 1994 ipsam
1989 1944 2157 1993 gloriam
2184 1954 2378 1993 praeceps
2405 1943 2615 1992 agebatur.

1716 1994 1766 2033 H.
1802 1998 1837 2044 1,
1878 1997 1926 2035 72
1964 1993 2257 2045 praefecturam
2298 1993 2464 2043 vigilum
2500 1998 2541 2035 et
2581 1995 2773 2045 praetorii
2811 1999 2849 2035 et

1767 2046 1847 2135 alga
1874 2046 2052 2096 praemia
2078 2045 2270 2085 virtutum
2297 2045 2392 2095 quia
2419 2045 2596 2085 velocius
2628 2050 2715 2085 erat
2743 2046 2853 2084 vitiis

1770 2109 1793 2136 a
1826 2110 1846 2137 e
1877 2102 1954 2136 tus.

1716 2148 1765 2187 H.
1795 2151 1831 2199 3,
1849 2110 1917 2188 p77
1952 2160 2025 2188 nec
2063 2147 2280 2188 virtutibus
2325 2151 2369 2186 ut
2406 2147 2514 2198 boni,
2549 2149 2620 2188 sed
2655 2149 2854 2199 quomodo

1767 2201 1963 2249 pessimus
1990 2199 2159 2249 quisque
2186 2199 2297 2238 vitiis
2324 2199 2500 2237 valebat.

1714 2250 1766 2289 H.
1796 2254 1832 2302 1,
1859 2253 1908 2291 52
1936 2264 1986 2290 m.
2015 2250 2103 2300 ipsa
2137 2250 2236 2291 vitia
2268 2262 2342 2301 pro
2368 2250 2585 2291 virtutibus
2619 2251 2854 2301 interpreta-

1770 2307 1917 2342 rentur.

1718 2355 1769 2392 H.
1799 2358 1834 2404 1,
1863 2357 1886 2394 5
1914 2354 1942 2392 f.
1970 2354 2077 2392 haud
2112 2353 2242 2392 minus
2275 2355 2376 2393 vitia
2414 2355 2637 2404 principum
2674 2359 2853 2393 amarent

1769 2418 1888 2454 quam
1916 2405 2009 2443 olim
2036 2405 2206 2443 virtutes
2233 2406 2487 2444 verebantur.

1719 2456 1769 2497 H.
1800 2460 1834 2548 ὲ,
1861 2458 1912 2498 49
1939 2467 1990 2496 ιιι.
2018 2455 2150 2507 magis
2187 2458 2302 2496 extra
2337 2456 2435 2497 vitia
2468 2467 2588 2508 quam
2616 2466 2704 2496 cum
2732 2456 2851 2496 virtu-

1769 2509 1799 2548 ti
1830 2521 1889 2548 us.

1718 2561 1769 2600 H.
1797 2563 1834 2611 2,
1870 2564 1920 2601 82
1957 2560 2054 2599 vitia
2097 2561 2227 2610 magis
2271 2560 2488 2600 amicornm
2530 2572 2649 2610 quam
2687 2560 2858 2600 virtutes

1770 2613 2037 2653 dissimulans.

1718 2665 1769 2702 H.
1797 2667 1834 2714 4,
1862 2667 1912 2704 34
1938 2677 1990 2703 m.
2017 2674 2097 2701 non
2129 2664 2258 2702 minus
2285 2664 2395 2702 vitiis
2433 2663 2605 2702 hostium
2633 2675 2753 2712 quam
2780 2664 2854 2701 vir-

1769 2720 1853 2754 tute
1882 2727 2041 2755 suorum
2068 2713 2206 2753 fretus.
2442 2735 2446 2738 >

1719 2766 1768 2805 H.
1796 2768 1833 2817 2,
1862 2769 1884 2806 7
1913 2766 1941 2805 f.
1976 2766 2140 2805 suismet
2175 2765 2285 2805 vitiis
2323 2765 2492 2805 alterum
2531 2765 2652 2815 bello,
2687 2766 2856 2804 alterum

1767 2818 1935 2856 victoria
1962 2817 2193 2867 periturum.

1716 2868 1766 2905 H.
1793 2871 1830 2917 4,
1859 2871 1909 2907 70
1964 2879 2015 2907 uo
2042 2867 2192 2906 minore
2221 2879 2291 2918 spe
2320 2868 2460 2906 veniae
2485 2870 2682 2907 cresceret
2712 2867 2851 2905 vincii-

1766 2920 1844 2958 lum
1874 2930 1941 2959 sce
1958 2919 2049 2959 eris.

1716 2969 1764 3008 A.
1779 2973 1816 3020 2,
1831 2974 1882 3011 39
1908 2970 1936 3009 f.
1965 2969 2117 3009 veritas
2142 2970 2232 3009 visu
2259 2974 2300 3010 et
2326 2982 2450 3019 mora,
2468 2969 2571 3009 falsa
2598 2968 2857 3008 festinatione

1769 3027 1808 3061 et
1835 3022 1998 3062 incertis
2025 3020 2246 3061 valescunt.

1718 3071 1766 3111 A·
1793 3075 1830 3123 2,
1866 3075 1916 3114 28
1951 3085 2029 3114 ιιοιι
2070 3072 2184 3112 vultu
2217 3073 2427 3124 alienatus,
2463 3084 2542 3112 non
2575 3071 2711 3110 verbis
2753 3080 2857 3107 com-

1769 3125 1923 3162 motior.

1718 3175 1766 3213 A.
1802 3178 1839 3225 2,
1893 3178 1944 3215 44
1986 3175 2013 3214 f.
2055 3175 2118 3214 vis
2169 3175 2387 3225 nationum,

1768 3237 1910 3277 aequo.
2633 3273 2642 3282 ·
2701 3273 2709 3282 ·

1719 3279 1766 3317 A.
1797 3281 1858 3328 13,
1886 3281 1910 3317 2
1937 3279 2131 3318 lubricam
2164 3278 2291 3329 princi
2321 3279 2356 3317 is
2394 3280 2582 3324 aetatem,
2611 3285 2645 3313 si
2672 3277 2859 3333 virtutem

1769 3334 2061 3380 aspernaretur,
2090 3330 2288 3380 voluptati
2318 3341 2366 3369 us
2401 3325 2603 3367 concessis
2630 3328 2858 3365 retinerent.

2441 3175 2569 3214 virtus
2623 3169 2766 3211 ducum
2820 3171 2859 3210 in
