3147 3836
299 429 336 468 2.

276 999 337 1034 34.

1404 192 1695 238 -45-

373 328 422 366 A.
460 330 521 379 12,
558 328 611 367 50
650 329 854 374 tamqnam
892 322 1088 362 adversus
1127 322 1352 363 defectores
1396 326 1438 362 et
1467 306 1517 362 ,in
1570 326 1650 363 22.
1690 324 1826 363 firmus
1852 325 1986 373 paries
2012 328 2053 363 et
2080 324 2305 363 duraturus.

426 382 605 429 tempore
629 375 905 416 rebellaturos.

374 432 577 481 tamquam
603 447 656 455 ——-
680 425 849 476 gloriam
876 425 1098 476 habiturus,
1116 425 1151 466 si
1177 425 1298 465 nullis
1323 447 1375 454 —-
1401 424 1517 464 inniti
1570 417 1572 420 ⁴

375 481 591 521 videretur.

377 533 426 571 A.
457 536 493 583 1,
521 533 572 571 36
597 527 777 578 augebat
802 531 950 567 metum
977 540 1129 578 gnarus
1158 550 1202 558 —
1232 530 1274 568 et
1299 527 1335 567 si
1361 528 1514 567 omitte-

424 586 534 623 retur
558 581 647 631 ripa
673 579 884 618 invasurus
910 579 1052 619 hostis.

374 635 424 675 H.
433 635 530 686 3‚54
540 643 589 672 ae
603 630 639 670 si
653 630 806 682 liceret,
819 641 913 669 vere
928 631 1140 682 narraturi,
1154 630 1248 681 quia
1260 630 1514 670 vetabantur.

357 687 427 726 ·Η.
452 690 490 737 4,
519 686 568 725 39
595 695 647 722 m.
667 681 776 726 haud
803 681 988 723 defutura
1014 695 1146 733 manu,
1174 683 1216 722 ni
1231 705 1282 712 —
1297 682 1516 722 abnuisset.

374 738 423 777 A.
460 738 521 787 14,
555 737 606 778 33
643 732 671 773 f.
709 735 914 784 tamquam
958 733 1153 775 reddituri
1191 734 1428 785 supplicium
1467 755 1515 762 —

426 787 684 828 festinabant.

376 842 425 880 A.
451 841 489 890 4,
517 840 567 879 69
600 837 711 876 velut
744 848 885 876 recens
923 836 1085 887 cognita
1121 839 1357 878 narraturus
1392 859 1443 865 —
1477 837 1517 877 in

431 889 658 933 cubiculum
684 888 821 929 trahit.

377 944 426 982 A.
455 943 515 992 15,
545 943 595 980 10
613 940 728 979 duxit
753 941 932 990 legiones
958 940 1075 992 quasi
1100 942 1252 991 proelio
1281 944 1516 980 certaturus.

375 1005 562 1043 magnam
588 995 630 1031 et
648 991 881 1031 duraturam
907 992 1158 1042 eloquentiae
1184 992 1345 1032 famam.
1373 995 1517 1033 9man-

378 1056 510 1085 surum
537 1043 578 1082 in
604 1042 736 1082 animo
764 1042 997 1096 cuiusquam
1023 1042 1273 1084 beneficium.

1688 375 1737 414 A.
1764 377 1803 425 4,
1830 377 1881 415 38
1907 374 2003 414 mihi
2030 375 2069 414 in
2096 374 2239 414 animis
2272 373 2416 414 vestris
2455 395 2504 402 —
2541 371 2829 424 pulcherrimae

1740 427 1891 476 effigies
1919 430 1958 465 et
1983 437 2207 465 mansurae.

1689 478 1740 517 H.
1772 481 1807 527 1,
1835 479 1884 517 78
1911 489 2016 517 nova
2043 479 2131 517 iura
2157 498 2207 505 —-
2235 480 2394 516 ostenta
2420 477 2549 527 magis
2576 487 2697 527 quam
2723 487 2829 513 man-

1740 541 1847 568 sura.

1689 579 1740 618 H.
1768 582 1806 630 2,
1834 581 1885 620 49
1918 580 2119 620 modicum
2145 583 2187 620 et
2212 590 2439 618 mansurum
2467 577 2738 629 (sepulcrum).

1691 631 1743 670 H.
1769 633 1808 682 4,
1821 633 1889 671 80
1914 644 2141 671 mansuram
2170 629 2413 670 discordiam
2440 630 2675 671 obtendens.

1690 683 1739 722 A.
1768 684 1805 732 6,
1834 685 1886 723 30
1918 683 1945 722 f.
1982 683 2100 723 fidem
2139 684 2338 733 integram
2378 685 2420 721 et
2457 681 2492 721 si
2527 682 2647 723 nullis
2673 679 2831 722 insidiis

1741 737 1946 785 peteretur
1970 747 2208 774 mansuram.

1694 786 1744 825 A.
1772 787 1809 836 2,
1838 788 1890 826 70
1914 798 2044 836 neque
2081 787 2259 836 praemia
2297 785 2435 824 caedis
2468 785 2576 834 apud
2602 785 2828 824 interfecto—

1742 850 1825 877 rem
1852 850 2051 878 mansura.

1692 892 1741 931 A.
1771 892 1831 941 14,
1859 892 1912 930 80
1936 902 2162 929 mansuram
2188 889 2334 929 theatri
2361 887 2510 928 sedem.

1689 944 1740 981 H.
1768 945 1806 992 3,
1834 944 1884 981 56
1911 942 1939 980 f.
1967 942 2180 979 iucundum
2208 945 2249 979 et
2275 943 2487 980 laesurum.

1796 992 1877 1033 Ofr.
1904 994 1950 1033 B.
1978 996 2067 1032 340.
2095 993 2248 1042 Iungcl.
2264 994 2327 1032 34.
2354 994 2418 1032 42.

603 1180 869 1251 RBE
886 1180 1085 1249 Vll
1099 1182 1762 1267 OQUENTIA.
1864 1184 2496 1254 ELLIPSES.

691 1345 737 1382 1.
774 1343 1083 1382 Nonianum.

266 1407 358 1448 .Cfr.
397 1408 444 1447 B.
478 1405 584 1446 Prol.
619 1406 683 1446 82.
735 1405 865 1444 Doed.
898 1405 1006 1444 Prol.
1038 1407 1102 1444 42.
1156 1405 1280 1448 Bach.
1313 1406 1419 1446 Prol.
1453 1408 1515 1446 52.

276 1547 336 1585 21.

275 1649 337 1688 25.

663 1457 860 1506 Krueger.
890 1456 938 1496 G.
965 1457 1013 1497 L.
1042 1458 1130 1497 906.

377 1542 690 1595 quotusquisque
719 1542 834 1582 Calvi
860 1542 901 1581 in
928 1563 979 1569 —
1004 1543 1131 1593 legit?

377 1608 433 1636 sc.
461 1594 673 1634 orationes.

376 1648 528 1698 primae
553 1644 815 1686 Demostheni
840 1645 1080 1685 tribuuntur.

379 1710 434 1739 sc.
461 1700 610 1749 partes.
665 1696 748 1737 Cic.
775 1697 925 1747 primas
951 1709 1086 1748 agere,
1115 1696 1225 1748 dare,
1245 1697 1361 1737 ferre.

376 1751 425 1788 A.
454 1752 515 1800 14,
543 1751 592 1787 21
620 1748 648 1786 f.
676 1749 928 1798 eloquentiae
954 1749 1104 1798 primas
1130 1760 1246 1788 nemo
1273 1750 1376 1788 tulit.

277 1803 339 1840 36.
366 1801 394 1840 f.
421 1801 462 1840 iu
490 1799 674 1851 publicis.

274 1958 337 1994 40.

275 2109 348 2149 33.’

275 2397 334 2433 11.

272 2448 334 2484 21.

273 2654 333 2691 17.

377 1865 433 1892 sc.
461 1851 631 1900 indiciis,
660 1850 769 1901 quod
794 1851 984 1901 Agricola
1011 1851 1196 1903 inseruit3
1225 1851 1398 1892 Orellius
1426 1864 1515 1892 con-

374 1904 490 1944 iecit:
517 1902 653 1955 populi
681 1902 851 1944 iudiciis.

376 1956 427 1994 de
453 1956 588 2005 quieta
614 1967 670 1993 re.

376 2017 432 2046 sc.
459 2005 633 2057 publica.
667 2005 843 2044 Ennius:
871 2017 973 2045 unus
999 2004 1117 2044 homo
1143 2028 1194 2034 —
1220 2006 1396 2046 restitnit
1421 2018 1516 2045 rem.

378 2058 568 2097 Tacitus:
595 2069 661 2096 res
687 2058 880 2096 Romana.

375 2121 470 2199 nana
495 2108 640 2158 quibus
666 2109 809 2148 instrui
842 2108 949 2147 soliti
983 2109 1062 2148 sint
1096 2120 1152 2148 sc.
1179 2108 1313 2158 rebus,
1347 2110 1516 2158 artibus,

378 2162 442 2200 stu
471 2159 533 2200 iis.

618 2244 689 2280 11.
728 2243 1172 2290 Pmioflplorum.

394 2308 474 2348 Cfr.
501 2309 619 2348 Roth.
646 2310 746 2348 Exc.
773 2310 864 2348 215.
890 2310 979 2349 235.
1009 2309 1120 2348 Vers.
1149 2308 1282 2349 Germ.
1311 2310 1399 2349 138.

373 2394 413 2433 in
440 2395 639 2434 Neronem
666 2417 718 2422 —
744 2395 895 2434 Vatinii
920 2395 1139 2443 potentiam
1166 2394 1239 2443 (sc.
1267 2394 1510 2444 exercitam).

374 2446 475 2484 alios
501 2446 543 2485 in
570 2445 710 2485 eodem
735 2445 1026 2485 valetudinario
1065 2445 1138 2496 (sc.
1172 2446 1362 2496 iacentes,
1401 2445 1509 2484 labo-

373 2497 675 2590 gillbtegiusmodi
708 2548 1036 2600 praeceptoribus
1073 2548 1227 2588 iuvenis
1260 2548 1334 2601 (sc.
1368 2548 1509 2588 educa-

371 2599 494 2701 ξιξ-ἷζε
522 2652 822 2701 quadriennium
851 2650 927 2691 Gai
954 2650 1027 2701 (sc.
1055 2650 1237 2701 finitum).

373 2702 630 2742 celeberrima
657 2706 740 2743 tum
754 2702 842 2742 'fori
868 2702 1041 2752 ingenia.

475 2752 572 2803 (Gfr.
602 2754 723 2803 Seyff.
750 2754 863 2793 Lael.
894 2756 965 2793 16:
995 2753 1102 2803 quod
1128 2756 1212 2792 tum
1239 2752 1356 2801 erat.)

372 2805 456 2863 Ag.
478 2807 526 2842 16
553 2817 626 2843 nec
651 2806 776 2844 ullum
802 2806 843 2843 in
870 2804 1054 2843 barbaris
1083 2805 1155 2863 (sc.
1183 2804 1359 2853 solitum)
1383 2805 1508 2844 saevi-

373 2857 510 2955 A.tlla6e,
534 2866 805 2955 {gnggsnerum
839 2930 890 2934 —
922 2907 1150 2944 Helvidium
1185 2908 1364 2945 Priscum
1392 2908 1433 2944 in
1460 2908 1508 2944 is-

422 2956 512 2997 dem
538 2956 737 2998 furoribus
765 2958 837 3009 (sc.
865 2956 1120 3007 versantem).

371 3009 446 3059 Ag.
475 3010 499 3048 6
526 3007 555 3047 f.
580 3019 729 3058 gnarus
757 3010 831 3049 sub
859 3009 1018 3048 Nerone
1044 3011 1277 3058 temporum.

372 3062 421 3100 H.
448 3063 485 3111 2,
515 3062 564 3099 14
590 3060 787 3099 Pannonii
813 3060 985 3100 nondum
1013 3060 1086 3098 sub
1114 3060 1252 3108 signis.

657 3149 761 3183 111.
798 3139 1116 3183 ven-barum.

297 3207 376 3247 Cfr.
396 3208 512 3247 Wex.
533 3206 667 3258 Agric.
694 3198 758 3246 53'.
784 3207 907 3257 Nipp.
934 3207 1078 3245 Annal.
1107 3208 1143 3245 7.
1170 3206 1364 3256 Krueger.
1393 3209 1480 3247 970.

268 3295 332 3334 35.

370 3294 411 3334 in
449 3295 538 3334 loco
577 3292 675 3333 nihil
715 3293 978 3358 reverentiae,
1010 3293 1052 3332 in
1091 3291 1371 3344 condiscipulis
1407 3292 1505 3333 nihil

369 3346 652 3446 ngfessuiiihil
677 3399 808 3435 metus
835 3398 875 3434 in
901 3398 1028 3436 vultu.

371 3449 421 3487 H.
451 3451 487 3499 1,
514 3451 538 3489 9
566 3449 605 3488 ἰιι
632 3447 860 3488 Britannico
888 3448 1064 3489 exercitu
1091 3447 1187 3487 nihil
1214 3447 1373 3489 irarum.

1590 1665 1651 1702 13.

1591 1974 1650 2010 12.

1591 2075 1649 2113 10.

1586 2534 1644 2571 19.

1606 3044 1642 3131 5050

1691 1353 1742 1394 H.
1769 1355 1806 1403 2,
1835 1352 1885 1392 55
1912 1354 1955 1391 at
1980 1350 2128 1390 Romae
2163 1348 2262 1390 nihil
2294 1348 2585 1400 trepidationis.
2637 1348 2687 1389 A.
2717 1350 2752 1399 1,
2779 1350 2830 1389 29

1742 1418 1793 1445 ιιι.
1821 1403 1920 1443 nihil
1947 1403 1986 1441 in
2013 1403 2134 1452 vulgo
2161 1401 2370 1440 modicum.

1691 1459 1742 1498 H.
1755 1460 1794 1505 4,
1821 1459 1871 1495 42
1898 1467 1951 1493 m.
1977 1455 2075 1493 nihil
2101 1454 2209 1503 quod
2236 1465 2286 1491 ex
2313 1456 2354 1491 te
2381 1453 2681 1502 concupisceret
2705 1452 2828 1502 Nero,

1741 1508 1841 1548 nihil
1868 1507 1975 1556 quod
2002 1506 2178 1544 trineret.

1690 1561 1741 1601 Η.
1769 1561 1807 1610 3,
1835 1560 1860 1600 9
1886 1570 1937 1597 m.
1965 1557 2062 1596 nihil
2101 1566 2263 1606 prorsus
2303 1554 2410 1605 quod
2445 1558 2516 1593 aut
2553 1560 2829 1606 conrumperet

1743 1611 1898 1650 hostem
1924 1612 1994 1648 aut
2020 1609 2200 1647 terreret.

1690 1667 1816 1703 testes
1827 1660 1999 1711 Augusti
2018 1659 2224 1709 epistulae,
2238 1657 2354 1698 testis
2381 1657 2467 1707 ipse
2493 1658 2662 1713 populns
2683 1657 2825 1708 qui—.

1690 1715 1739 1754 A.
1769 1717 1803 1764 1,
1831 1714 1882 1753 58
1914 1712 2029 1789 testis
2063 1711 2132 1750 illa
2167 1722 2259 1761 nox,
2294 1708 2390 1748 mihi
2423 1709 2572 1748 utinam
2598 1709 2732 1759 potius
2758 1721 2826 1748 no-

1742 1776 1925 1804 visslma.

1691 1817 1832 1857 similis
1877 1813 2129 1865 eloquentiae
2169 1812 2356 1851 conditio.
2411 1813 2457 1850 12
2497 1823 2589 1850 nam
2626 1810 2743 1850 huius
2777 1833 2827 1839 —-

1689 1867 1942 1918 eloquentiae
1968 1878 2064 1906 usus
2090 1876 2243 1904 recens.
2294 1866 2319 1903 6
2346 1875 2451 1913 quae
2487 1863 2527 1901 in
2553 1862 2714 1913 publico
2741 1874 2826 1912 spe-

1691 1916 1792 1960 cies!
1820 1930 1922 1970 quae
1949 1918 1989 1957 in
2017 1915 2173 1957 iudiciis
2200 1912 2427 1956 veneratio!

1689 1972 1791 2009 haec
1826 1971 2076 2019 eloquentiae
2113 1968 2342 2017 primordia,
2383 1966 2482 2005 haec
2508 1967 2729 2015 penetralia
2755 1979 2828 2013 -3

1689 2021 1768 2061 hoc
1793 2033 1862 2072 —3
1891 2021 1949 2060 sic
1976 2020 2137 2059 oracula
2164 2018 2441 2069 loquebantur.

1690 2073 1784 2112 hinc
1822 2073 2004 2121 ingentes
2039 2081 2238 2110 assensus.
2291 2071 2341 2109 36
2368 2069 2459 2107 hinc
2492 2069 2601 2117 leges
2628 2068 2827 2106 adsiduae

1690 2147 1753 2215 {J
1773 2123 1880 2214 thinc
1912 2145 1975 2173 —,
2010 2122 2103 2161 hinc
2136 2143 2201 2170 ——,
2233 2120 2325 2159 hinc
2361 2141 2412 2149 —-
2444 2129 2545 2169 quae
2581 2142 2631 2147 —
2666 2130 2825 2158 exerce-

1745 2188 1771 2218 11
1792 2204 1802 2214 .

1692 2226 1740 2265 G.
1771 2229 1831 2275 18.
1859 2225 1887 2263 f.
1915 2225 1991 2262 hoc
2017 2245 2081 2274 —-,
2109 2224 2185 2262 hoc
2211 2244 2274 2272 --,
2301 2222 2375 2260 hoc
2401 2234 2474 2270 —3
2512 2220 2570 2259 sic
2596 2220 2828 2270 vivendum,

1740 2277 1798 2316 sic
1824 2275 2080 2327 pereundum.
2136 2275 2183 2314 G.
2220 2276 2268 2313 13
2302 2272 2399 2312 haec
2436 2271 2544 2322 apud
2581 2270 2675 2311 illos
2712 2274 2826 2322 toga,

1738 2328 1804 2367 hic
1830 2327 1980 2378 primus
2007 2327 2191 2365 inventus
2217 2325 2354 2363 honos.
2406 2323 2454 2363 G.
2480 2324 2530 2362 13
2555 2321 2584 2361 f.
2610 2322 2714 2361 haec
2741 2322 2826 2372 dig-

1738 2379 1858 2428 nitas,
1886 2378 1962 2417 hae
1988 2378 2106 2416 vires.
2160 2378 2207 2415 A.
2224 2378 2261 2426 4,
2289 2378 2339 2414 38
2366 2374 2465 2412 haec
2490 2373 2589 2411 mihi
2615 2374 2656 2412 in
2683 2373 2827 2412 animis

1737 2430 1884 2469 vestris
1934 2430 2096 2478 templa,
2146 2428 2222 2468 hae
2265 2425 2554 2476 pulcherrimae
2593 2424 2747 2474 effigies
2786 2429 2827 2463 et

1735 2491 1962 2520 mansurae.

1684 2544 1759 2571 nec
1785 2533 1946 2571 mirum:
1973 2534 2085 2569 erant
2111 2529 2213 2568 enim
2239 2549 2303 2567 —.
2356 2529 2406 2567 36
2433 2539 2509 2567 nec
2535 2526 2691 2577 mirum,
2704 2539 2825 2577 quum

1684 2585 1805 2624 etiam
1831 2606 1894 2622 —.

1685 2636 1735 2674 H.
1764 2637 1801 2685 2,
1829 2637 1878 2674 41
1907 2647 1958 2675 ιιι.
1987 2636 2026 2672 et
2053 2633 2191 2671 mirum
2219 2632 2330 2670 dictu
2356 2653 2420 2668 —.
2474 2631 2526 2669 Η.
2554 2632 2592 2680 5,
2621 2632 2645 2669 6
2672 2641 2723 2668 ιιι.
2751 2630 2820 2668 mi-

1736 2698 1823 2724 rum
1850 2686 1971 2724 dictu.
2024 2684 2073 2722 H.
2104 2687 2138 2732 1,
2167 2686 2216 2722 79
2242 2693 2413 2732 namque
2441 2682 2580 2719 mirum
2609 2681 2731 2718 dictu.

1685 2737 1736 2774 H.
1762 2739 1800 2782 4,
1829 2739 1880 2775 84
1905 2736 2042 2773 mirum
2069 2735 2160 2771 inde
2185 2733 2309 2772 dictu.

1684 2788 1733 2838 A„
1764 2788 1825 2837 15,
1853 2788 1904 2826 54
1930 2785 1999 2825 sed
2026 2784 2177 2833 mirum,
2207 2795 2339 2833 quam.

1684 2839 1732 2876 A.
1763 2841 1822 2888 16,
1850 2840 1899 2875 27
1927 2837 2070 2874 etenim
2098 2835 2195 2884 quid
2221 2835 2374 2872 mirum.

1684 2890 1732 2927 A.
1764 2892 1824 2938 12,
1852 2890 1902 2927 37
1928 2900 1978 2925 ιιι.
2007 2886 2103 2936 qnid
2129 2886 2282 2935 mirum,
2313 2886 2346 2924 si
2376 2907 2423 2912 —
2450 2884 2582 2924 amisi.

1683 2939 1734 2978 H.
1761 2941 1798 2989 4,
1826 2940 1876 2978 34
1902 2937 1928 2976 f.
1956 2938 2125 2975 immane
2153 2940 2358 2987 quantum.

1682 2991 1730 3028 A.
1761 2992 1822 3038 14,
1851 2991 1900 3028 32
1927 2989 1954 3026 f.
1983 2989 2089 3037 qnod
2115 2988 2308 3037 peditum,
2336 2987 2553 3026 interfecit.

1681 3053 1730 3078 ac
1756 3052 1806 3078 ne
1832 3040 1874 3078 id
1901 3039 2060 3088 quidem
2088 3039 2216 3087 gratis
2244 3038 2316 3088 (sc.
2345 3038 2538 3088 faciunt):
2565 3052 2656 3078 nam
2683 3061 2745 3077 ——.

1681 3090 1887 3140 pulchrum
1914 3090 1957 3129 id
1983 3090 2159 3141 quidem,
2186 3093 2321 3129 tamen
2347 3090 2552 3140 pulchrius
2578 3091 2611 3129 si
2636 3112 2698 3128 —.

1680 3142 1756 3192 Ag.
1787 3144 1836 3181 10
1868 3141 1967 3180 nihil
2004 3153 2077 3190 per
2109 3142 2288 3180 libertos.
2343 3143 2393 3181 G.
2422 3144 2469 3181 19
2495 3141 2632 3179 melius
2659 3140 2820 3190 quidem

1733 3193 1865 3232 adhuc
1892 3204 1965 3231 eae
1990 3193 2176 3232 civitates
2205 3204 2308 3243 quae
2340 3215 2402 3230 —.
2454 3192 2501 3230 A.
2531 3194 2565 3241 1,
2592 3193 2644 3230 43
2677 3191 2818 3230 melius

1733 3247 1775 3284 et
1801 3245 1999 3284 amantius
2027 3245 2096 3283 ille
2122 3245 2190 3294 qui
2216 3267 2278 3282 —-.
2332 3245 2382 3282 H.
2411 3247 2445 3293 1,
2473 3245 2524 3282 84
2556 3254 2629 3281 vos
2655 3243 2818 3293 quidem

1733 3296 1841 3336 istud
1868 3308 1940 3346 pro
1967 3308 2053 3335 me:
2082 3296 2153 3335 sed
2179 3317 2241 3334 —.

1681 3349 1732 3388 H.
1759 3351 1798 3399 4,
1826 3350 1876 3388 58
1902 3347 2105 3397 indignum
2133 3347 2174 3385 id
2200 3345 2383 3396 quidem:
2408 3344 2479 3386 sed
2503 3367 2567 3384 —.
2620 3345 2673 3386 G.
2689 3347 2740 3386 10
2764 3358 2818 3385 ιιι.

1732 3404 1772 3439 et
1798 3399 1897 3439 illud
1924 3400 2083 3448 quidem
2111 3398 2230 3436 etiam
2255 3396 2320 3435 hic
2345 3400 2493 3435 notum.
2522 3397 2571 3437 G.
2586 3399 2634 3437 31
2651 3397 2819 3446 ignomi-

1731 3452 1887 3490 niosum
1901 3451 1942 3489 id
1954 3449 2075 3499 genti.
2104 3449 2153 3487 Η.
2162 3450 2199 3497 2,
2215 3449 2265 3486 69
2279 3446 2484 3486 exitiabile
2502 3447 2544 3487 id
2559 3448 2816 3499 reipublicae.
