3147 3774
1389 118 1565 162 —42

258 255 321 294 32.
364 251 482 293 vobis
507 249 665 302 aperiri.
694 246 786 300 („a“
813 259 839 287 a
865 245 1059 287 Rhenano
1085 246 1292 297 insertum,
1321 245 1436 286 deest
1463 245 1504 287 in

362 305 543 354 Fames„
569 311 747 351 superse.
774 299 815 338 in
833 296 982 349 Periz.)

364 356 440 405 Ag.
471 356 521 392 10
544 351 680 390 multis
708 350 973 400 scriptoribus
999 353 1257 389 memoratus.
1283 349 1333 388 A.
1363 352 1424 399 11,
1452 351 1504 388 29

414 407 492 444 iam
518 402 614 442 mihi
642 402 749 442 circa
775 412 915 441 necem
944 401 988 441 C.
1018 400 1062 441 C.
1090 404 1291 441 narratus.

365 458 412 498 G.
442 458 490 495 16
517 454 806 495 Germanorum
832 453 992 503 populis
1018 453 1140 492 urbes
1166 452 1356 492 habitari.

363 509 410 547 G.
439 509 464 547 3
489 518 602 545 aram
629 505 739 544 Ulixi
767 507 1057 543 consecratam.

360 559 408 598 A.
435 560 474 609 2,
503 559 526 597 7
554 568 666 596 aram
692 556 826 596 Druso
854 554 985 594 sitam.

361 610 411 650 A.
438 612 478 661 2,
504 610 556 649 49
583 608 612 648 f.
640 607 736 659 Spei
762 606 886 646 aedes
914 605 1153 646 Germanico
1182 610 1379 646 sacratur.

362 662 412 702 A.
440 664 478 711 2,
506 662 559 700 50
584 663 630 699 ut
654 683 706 689 —
732 658 970 709 propinquis
998 659 1082 698 suis
1109 662 1395 698 removeretur.

1668 246 1736 283 v!
1743 246 1785 283 1.
1804 245 2050 283 .l)·tlvun
2074 247 2197 285 lm
2222 248 2713 296 ,roenna-num.

1598 297 1636 336 3.
1675 295 2121 397 {ataias—graecorum
2147 296 2296 339 fabulis
2322 299 2560 352 adgregare.
2601 300 2700 348 (Cic.
2728 302 2819 354 adq.

1574 400 1637 439 21.
1678 398 1807 438 bonus
1835 398 2001 449 sanguis
2028 399 2167 451 implet
2193 400 2372 441 membra
2404 407 2446 443 et
2472 415 2592 443 exsur
2622 403 2653 443 it
2679 387 2792 443 toris.

1781 449 1880 501 (Cfr.
1906 451 2246 503 Doedaeinterprq
2274 452 2372 491 mihi
2398 454 2525 495 ablat.
2552 455 2593 494 vi
2623 453 2741 504 etur.)

1679 502 1730 541 H.
1761 505 1796 551 1,
1824 504 1888 541 55.
1917 503 1966 540 76
1993 505 2246 542 sacramento
2272 502 2452 553 adigere.

1679 553 1730 592 Η.
1741 555 1775 603 1,
1783 555 1834 593 89
1846 555 2001 607 tantum
2013 553 2127 604 pacis
2139 553 2310 594 adversa
2322 553 2568 604 reipublicae
2579 557 2821 606 pertinuere.

1683 605 1730 644 A.
1761 606 1821 656 14,
1850 607 1900 644 38
1926 604 2100 645 adversa
2126 605 2319 656 pravitati
2357 605 2496 657 ipsius,
2535 618 2730 659 prospera
2765 608 2819 648 ad

1734 656 1932 696 fortunam
1959 657 2174 697 referebat.

1682 708 1730 748 A.
1760 711 1821 758 13,
1849 711 1899 748 26
1928 708 2164 748 verberibus
2189 720 2332 749 manus
2358 710 2464 749 ultro
2491 709 2755 750 intenderent.

1787 759 1867 799 Cfr.
1895 759 2024 799 Doed.
2052 760 2213 811 Proleg.
2241 763 2282 800 et
2308 760 2427 800 Roth.
2457 760 2557 800 Exc.
2587 762 2676 800 153.
2705 763 2792 801 149.

1256 869 1306 922 Β.
1356 867 1641 923 lNfflCA'rlvl
1674 866 1825 923 Usus.

258 1004 305 1039 1.
338 996 679 1040 indicativus
704 996 889 1034 locum
916 995 1249 1033 coniunctim
1275 994 1500 1032 obtinet.

264 1108 326 1144 31.
369 1105 462 1142 sunt
501 1099 611 1151 apud
650 1111 752 1150 quos
778 1123 831 1129 -
856 1100 948 1149 plus
983 1098 1076 1138 fidei
1102 1102 1288 1138 meretur.
1342 1099 1392 1137 32
1419 1101 1512 1137 sunt

366 1154 472 1195 aliae
501 1163 649 1192 causae
676 1175 727 1180 —-
754 1162 854 1201 quas
881 1174 933 1180 —
958 1161 1130 1201 aequum
1157 1153 1232 1189 est.

371 1207 448 1256 Ag.
477 1207 528 1244 28
554 1203 665 1241 fuere
692 1224 743 1230 —
770 1213 871 1251 quos
899 1201 1142 1240 inlustravit.

368 1259 417 1297 H.
449 1260 483 1305 1,
511 1257 564 1293 30
588 1266 663 1292 nee
691 1256 753 1291 est
779 1253 872 1302 plus
900 1252 1008 1301 quod
1036 1252 1168 1291 datur.

364 1309 464 1346 Hor.
493 1308 529 1354 1,
559 1307 594 1354 1,
623 1302 647 1343 3
673 1309 761 1342 sunt
787 1316 880 1353 quos
909 1326 956 1332 —
985 1303 1182 1355 collcyisse
1209 1303 1326 1342 iuvat.

474 1356 546 1407 (At
583 1353 964 1391 coniunctium
1006 1358 1103 1421 post
1138 1355 1362 1394 vocabula:
1416 1358 1507 1393 sunt

445 1420 486 1446 ιιι
511 1429 575 1445 -.
893 1442 896 1445 .

288 1465 324 1501 9.
363 1422 530 1508 utqsint,
559 1405 627 1508 q)ui
655 1456 871 1506 dignentur
898 1455 1052 1495 audire.
1104 1458 1155 1495 42
1190 1458 1318 1506 erant,
1347 1454 1396 1494 de
1424 1456 1508 1506 qui·

361 1509 672 1551 bus-vellem.

363 1563 415 1602 H.
443 1563 481 1609 5,
509 1563 534 1600 2
561 1559 588 1599 f.
619 1563 725 1608 sunt,
755 1559 824 1609 qui
850 1558 1026 1597 tradant.
1057 1558 1107 1597 A.
1138 1560 1198 1608 14,
1227 1560 1278 1598 59
1306 1562 1410 1609 sunt,
1440 1559 1508 1609 qui

416 1612 561 1652 ferant.

468 1663 675 1702 Permulta
702 1662 784 1701 alia
823 1661 1005 1711 exempla
1044 1659 1171 1701 habes
1208 1660 1247 1700 in
1275 1662 1506 1712 qugclaus-

416 1717 502 1753 seni
530 1714 775 1762 Quaestione
803 1712 1028 1761 syntactica
1066 1712 1116 1748 de
1143 1712 1277 1749 Taciti
1315 1713 1508 1750 sermonis

417 1778 489 1817 pro
519 1764 666 1804 rietate
718 1764 759 1803 in
809 1762 1050 1813 usurpandis
1088 1762 1203 1802 verbi
1246 1763 1507 1814 temporibus,

418 1829 482 1858 mo
513 1816 560 1868 is,
588 1815 815 1868 participiis
843 1814 994 1868 (Kilon.
1024 1813 1141 1866 1848)
1168 1825 1208 1866 p.
1238 1816 1299 1854 14.

241 1973 334 2015 ΑΙ.
364 1970 704 2008 Inane-uvas
728 1970 788 2005 ln
813 1967 1122 2005 emmenaun
1145 1968 1507 2005 sublunessvln

491 2019 733 2057 onnon!
758 2019 1014 2064 obliquae
1038 2016 1277 2053 intentu.

259 2130 323 2167 30.
364 2124 554 2165 didicisse
581 2146 633 2151 —
660 2122 866 2162 hausisse:
918 2132 1086 2170 quorum
1126 2120 1243 2170 copia
1283 2121 1508 2171 contigerat

367 2199 418 2206 —
445 2186 699 2226 peragrasse.

262 2232 325 2271 32.
366 2229 458 2267 dum
485 2225 621 2273 laudo,
647 2224 860 2285 plausisse.

364 2281 413 2319 A.
441 2282 480 2329 2,
507 2280 558 2317 26
585 2276 756 2327 relinqui
784 2282 832 2303 '-
862 2274 1023 2325 quaudo
1051 2276 1276 2314 consultum
1305 2278 1377 2314 est.

366 2333 413 2372 A.
442 2333 480 2381 3,
508 2333 532 2369 6
561 2328 655 2379 quia
675 2328 950 2378 spectaculum
969 2326 1148 2377 suberat,
1177 2327 1297 2367 etiam
1324 2327 1506 2377 volupta-

415 2386 477 2422 tes
504 2382 763 2421 resumerent.

373 2436 423 2474 H.
452 2437 489 2484 3,
517 2435 568 2472 38
594 2432 622 2471 f.
649 2443 789 2470 versas
817 2429 911 2470 illuc
940 2442 978 2469 0.
1002 2432 1169 2480 mentes,
1196 2429 1289 2470 dum
1319 2451 1371 2459 ——
1396 2430 1509 2470 fovet

420 2484 630 2525 aemulum.

1691 994 1740 1035 H.
1768 997 1807 1047 3,
1835 996 1887 1036 70
1911 1007 1963 1035 ιιι.
1992 1006 2048 1047 se,
2076 1017 2128 1023 —
2155 993 2247 1035 dum
2274 1016 2323 1022 -
2351 993 2513 1045 proeliis
2540 1016 2591 1021 —
2610 992 2821 1044 iudicatur,

1740 1068 1791 1073 —
1818 1046 2015 1086 mansisse
2042 1047 2083 1086 in
2111 1047 2202 1086 fide.

1788 1098 1838 1137 A.
1866 1098 1912 1137 B.
1939 1100 2028 1139 253.
2055 1101 2145 1139 254.
2173 1099 2328 1149 Iungcl.
2358 1101 2419 1138 15.

1584 1200 1685 1234 111.
1709 1200 2046 1237 indie-tivu-
2062 1204 2188 1246 pont
2204 1201 2497 1236 relativum
2516 1210 2822 1247 pronomen

2194 1248 2306 1284 ltu·

1606 1295 1674 1345 (ex
1701 1306 1775 1334 usu
1804 1294 2008 1334 Ciceronis
2035 1256 2192 1334 coftr⁰a⁸
2201 1306 2350 1335 morem
2377 1298 2594 1345 argenteae
2620 1295 2796 1346 aetatis).

1606 1356 1643 1394 5.
1684 1355 1865 1406 quisquis
1890 1377 1942 1385 —-
1969 1354 2189 1394 carminum
2216 1354 2387 1404 gloriam
2414 1354 2538 1394 fovet.

1685 1407 1735 1444 H.
1765 1410 1801 1456 1,
1828 1409 1881 1445 40
1907 1406 2039 1444 scelus
2066 1405 2179 1444 cuius
2206 1406 2312 1444 ultor
2338 1410 2400 1445 est
2418 1406 2601 1456 quisquis
2614 1408 2821 1446 successit.

1786 1457 1910 1508 (Raro
1937 1460 2316 1497 conl-nemun·
2342 1455 2587 1507 usurpatur.)

1584 1509 1645 1547 10.
1683 1508 1804 1547 iamb.
1832 1520 1956 1547 amar.
1984 1511 2024 1548 et
2052 1507 2179 1559 epigr.
2207 1509 2282 1548 lus.
2311 1511 2352 1547 et
2371 1519 2648 1559 quamcunque
2666 1509 2720 1547 al.
2735 1520 2820 1559 spe-

1686 1561 1786 1598 ciem
1812 1559 1974 1599 habeat.

1684 1610 1734 1650 H.
1765 1613 1800 1660 1,
1829 1612 1879 1651 74
1915 1622 2058 1661 pecun.
2097 1612 2139 1651 et
2168 1613 2274 1661 grat.
2303 1613 2345 1651 et
2372 1622 2647 1662 quemcunque
2675 1608 2822 1661 quietis

1737 1662 1866 1701 locum
1894 1662 2075 1712 legisset.

1684 1714 1734 1750 H.
1765 1717 1800 1762 1,
1827 1715 1877 1751 85
1905 1716 1949 1750 ut
1976 1724 2173 1763 quemque
2200 1713 2381 1751 nuntium
2407 1713 2515 1750 fama
2541 1713 2772 1751 attullisset.

1684 1764 1734 1803 H.
1762 1766 1799 1814 2,
1828 1766 1878 1804 86
1905 1763 1932 1803 f.
1962 1763 2158 1815 quidquid
2185 1776 2354 1815 usquam
2380 1776 2546 1814 aegrum
2574 1763 2692 1804 foret.

1788 1815 1868 1856 Cfr.
1897 1816 2050 1868 lungel.
2081 1818 2142 1857 13.

1629 1923 1710 1956 lv.
1743 1917 2081 1955 lncne-tflvua
2105 1917 2389 1965 praeter-m
2416 1917 2476 1955 Ιιι
2500 1917 2775 1955 nentem!-

2015 1968 2390 2004 condition-n.

1583 2073 1642 2111 17.
1684 2071 1717 2110 si
1744 2094 1795 2099 —
1820 2072 2097 2121 pertraxisset,
2129 2071 2361 2112 Ciceronem
2387 2072 2528 2111 audire
2555 2072 2700 2122 potuit.

1683 2123 1760 2172 Ag.
1789 2124 1836 2162 31
1866 2123 1892 2161 s.
1933 2122 2010 2161 nisi
2048 2122 2222 2162 felicitas
2265 2122 2306 2162 in
2338 2122 2564 2162 socordiam
2615 2122 2821 2173 vertisset,

1734 2185 1880 2211 exuere
1906 2173 2041 2222 iugum
2067 2176 2246 2222 potuere.

1685 2225 1735 2263 Η.
1765 2228 1801 2274 1,
1829 2227 1879 2263 64
1906 2236 2031 2275 prope
2043 2236 2307 2276 —,exarsere,
2335 2224 2376 2264 ni
2403 2225 2515 2264 V.-
2533 2224 2821 2264 admonuisset.

1684 2277 1735 2314 H.
1762 2278 1800 2325 4,
1829 2278 1879 2314 34
1918 2276 1952 2314 si
1978 2297 2030 2304 -—-
2055 2279 2309 2327 maturasset,
2349 2277 2505 2315 solvere
2545 2275 2744 2315 obsidium
2770 2295 2823 2304 —-

1764 2327 1878 2367 otuit.

1686 2340 1800 2428 ll.p3,
1830 2381 1854 2419 9
1880 2378 2023 2429 quodsi
2050 2377 2247 2418 adfuisset
2274 2377 2374 2418 fides
2399 2381 2471 2419 aut
2489 2378 2660 2429 opprimi
2681 2400 2731 2407 -
2756 2389 2823 2428 po-

1738 2433 1849 2470 tuere
1876 2434 1946 2470 aut
1972 2452 2022 2459 —
2049 2429 2188 2480 fugam
2215 2429 2516 2470 conscivissent.

1791 2481 1871 2520 Cfr.
1897 2482 1942 2520 B.
1971 2483 2059 2521 256.
2087 2482 2239 2532 qugcl.
2269 2485 2305 2522 9.

1221 2602 1274 2655 C.»
1323 2601 1661 2657 CONIUNC'l'lVl
1694 2600 1844 2656 USUS.

474 2710 519 2744 1.
547 2704 940 2744 conl-anennu-
965 2704 1298 2751 potentiana.

292 2818 329 2853 8.
368 2813 495 2851 ausim
524 2810 778 2850 contendere.
844 2812 901 2848 Pl.
929 2812 975 2849 E.
1004 2811 1043 2860 4,
1071 2811 1097 2848 4
1123 2807 1150 2847 f.
1190 2814 1310 2848 ausim
1347 2818 1509 2850 conten-

367 2867 467 2904 dere.
504 2864 581 2913 Ag.
609 2865 660 2903 43
687 2860 900 2901 adfirmare
927 2861 1069 2900 ausim.
1116 2860 1166 2899 H.
1194 2864 1232 2911 3,
1259 2863 1310 2900 22
1344 2861 1507 2901 adseve-

367 2927 456 2954 rare
488 2927 566 2954 non
602 2914 742 2954 ausim.
803 2913 854 2953 H.
894 2915 932 2963 2,
970 2914 1023 2953 50
1072 2911 1232 2951 demere
1270 2911 1387 2952 fidem
1426 2926 1505 2953 ιιοιι

366 2965 509 3007 ausim.
563 2965 611 3005 A.
643 2968 677 3016 1,
705 2968 753 3005 81
784 2965 853 3004 vix
882 2963 1102 3015 quidquam
1129 2963 1287 3003 firmare
1314 2965 1454 3005 ausim.

365 3022 490 3068 utque
519 3017 577 3055 sic
605 3017 784 3055 dixerim.
840 3016 888 3055 G.
916 3019 941 3054 2
968 3020 1092 3065 utque
1119 3015 1177 3054 sic
1206 3015 1387 3055 dixerim.

364 3072 409 3109 ut
437 3068 495 3108 sic
525 3067 707 3107 dixerim.
758 3067 806 3106 A.
837 3069 898 3118 14,
925 3068 977 3107 53
1001 3070 1046 3106 ut
1073 3066 1131 3106 sic
1159 3066 1340 3106 dixerim.

364 3132 444 3161 uon
472 3120 593 3159 facile
622 3118 804 3157 dixerim.
856 3120 906 3157 32
962 3129 1063 3157 aene
1090 3118 1273 3157 dixerim.

363 3174 411 3212 A.
440 3175 478 3221 4,
506 3174 558 3212 34
585 3170 613 3209 f.
643 3169 753 3208 haud
780 3169 898 3207 facile
953 3170 1106 3208 ixerim.

263 3227 325 3267 13.
365 3235 598 3273 comparare
637 3219 851 3262 timuerim.
905 3222 955 3260 26
992 3220 1175 3271 equidem
1215 3233 1295 3261 non
1333 3234 1504 3272 negave-

366 3287 453 3315 rim.

366 3328 417 3366 H.
448 3330 483 3375 1,
514 3329 533 3362 1
562 3325 590 3362 f.
619 3337 698 3362 non
725 3323 947 3361 abnuerim.
1000 3323 1077 3372 Ag.
1107 3327 1158 3362 10
1185 3323 1211 3362 f.
1245 3336 1365 3362 unum
1392 3324 1503 3362 addi-

416 3376 554 3419 derim.
584 3375 632 3417 G.
659 3377 683 3417 5
711 3386 785 3416 nec
813 3377 950 3415 tamen
977 3374 1283 3417 adfirmaverim.
1311 3377 1359 3417 A.
1388 3379 1425 3426 3,
1457 3377 1504 3417 16

1740 2717 1906 2756 quorum
1934 2708 2116 2746 neutrum
2134 2705 2420 2746 adseverarim.
2448 2705 2500 2745 H.
2512 2707 2550 2757 2,
2563 2706 2613 2747 37
2629 2715 2705 2755 ego
2718 2708 2826 2745 —ut

1739 2759 2002 2797 concesserim
2010 2780 2074 2808 —,
2094 2758 2151 2798 ita
2164 2770 2294 2809 neque
2305 2770 2397 2798 reor
2413 2780 2476 2797 —.
2492 2758 2643 2799 G.2.45
2656 2758 2684 2797 f.
2698 2756 2823 2796 credi·

1740 2809 1880 2848 derim.
1920 2810 1970 2848 H.
1984 2812 2021 2859 2,
2035 2812 2087 2849 50
2098 2822 2149 2849 m.
2173 2810 2314 2860 procul
2331 2810 2533 2859 gravitate
2545 2809 2678 2860 coepti
2690 2808 2826 2858 operis

1738 2860 1986 2900 crediderim.
2013 2860 2062 2900 A.
2083 2864 2118 2911 1,
2139 2861 2228 2901 761⁶.
2257 2872 2336 2900 non
2364 2860 2615 2900 crediderim.
2652 2860 2731 2910 Ag.
2761 2861 2823 2898 12.

1737 2912 1785 2951 A.
1805 2914 1881 2962 3,3
1908 2912 2066 2952 facilius
2082 2912 2330 2952 crediderim.
2359 2913 2409 2952 H.
2425 2916 2459 2963 1,
2473 2914 2536 2953 83.
2563 2912 2612 2952 A.
2630 2913 2731 2961 16,6
2757 2921 2825 2949 ne-

1738 2975 1815 3015 que
1842 2964 1946 3003 enim
1972 2986 2024 2993 —
2051 2964 2298 3005 crediderim.
2350 2964 2400 3004 A.
2427 2966 2466 3016 4,
2493 2965 2542 3004 67
2570 2975 2622 3003 ιιι.
2650 2961 2823 3002 maxime

1736 3016 1985 3054 crediderim.
2038 3016 2088 3054 A.
2115 3018 2153 3066 4,
2181 3019 2204 3055 6
2234 3027 2459 3066 congruens
2488 3014 2738 3054 crediderim.
2770 3013 2823 3052 H.

1735 3069 1773 3115 3,
1801 3068 1850 3106 28
1877 3066 1985 3107 haud
2012 3066 2131 3107 facile
2150 3059 2420 3107 discreverim.
2447 3066 2497 3106 A.
2528 3068 2589 3117 16,
2618 3067 2666 3105 16
2694 3074 2824 3114 neque

1734 3119 1855 3157 aliam
1883 3119 2154 3158 defensionem
2180 3141 2232 3147 -
2260 3118 2477 3169 exegerim.
2503 3117 2554 3156 A.
2582 3118 2644 3166 14,
2671 3116 2722 3154 49
2748 3126 2824 3153 nec

1736 3174 1868 3208 tamen
1896 3170 2013 3209 facile
2040 3171 2357 3209 memoraverim.
2413 3170 2462 3209 G.
2490 3171 2542 3208 29
2568 3179 2620 3205 m.
2647 3177 2726 3204 non
2753 3178 2821 3205 nu-

1735 3221 1982 3261 meraverim.
2021 3222 2071 3262 A.
2099 3223 2136 3270 4,
2166 3224 2216 3262 10
2242 3221 2315 3262 sed
2340 3233 2420 3261 non
2448 3217 2661 3259 omiserim.
2700 3217 2749 3257 A.
2782 3219 2820 3267 6,

1647 3278 1659 3289 ·
1734 3274 1786 3311 20
1811 3285 1861 3311 ιιι.
1889 3285 1969 3312 non
1996 3273 2209 3312 omiserim.

1581 3328 1640 3364 18.
1680 3324 1821 3362 merito
1860 3325 2048 3374 antiquos
2087 3325 2376 3363 vocaverimus.
2443 3324 2492 3360 13
2531 3320 2737 3359 Secundus
2772 3342 2822 3347 —

1681 3374 1779 3416 Afro
1807 3375 1985 3417 cesserit.
