3147 3836
267 1321 328 1357 31.

266 1371 328 1407 36.

262 2343 321 2380 11.

382 238 431 278 A.
464 239 524 291 16,
553 239 603 280 26
630 239 903 290 intemeratus,
932 238 1173 289 impollutus.
1227 237 1276 277 A.
1304 239 1343 288 2,
1381 239 1433 278 38
1465 237 1520 277 in-

433 291 672 351 tempestiva
700 290 860 351 quidem
887 293 928 350 et
954 290 1195 351 i¹.¹¹P¹'⁰Vi.⁸¹.²‘.

380 342 431 381 H.
457 344 496 393 4,
523 344 575 382 24
601 341 801 382 mvahdus
829 354 878 392 c.,
905 352 1057 381 mvisus
1082 341 1287 381 militibus.

431 445 599 494 intacta,
627 466 679 472 —
705 445 857 484 infelix.

379 496 430 536 H.
460 498 496 547 1,
527 498 574 535 11
601 496 768 537 insciam
794 518 858 546 -—,
886 495 1067 546 ignaram
1092 518 1156 536 —.
1184 496 1235 537 H.
1263 498 1302 548 3,
1329 496 1379 537 59
1406 494 1517 547 igna-

429 560 497 587 rus
524 555 574 577 -'
601 548 859 600 improvidus.
1146 571 1149 573 -

378 598 428 638 H.
457 602 494 651 4,
524 602 573 641 32
602 600 802 652 ingratam
829 611 896 650 m.,
923 599 1165 640 immortalia
1192 604 1243 640 tr.

373 754 582 797 Licentiae
608 777 659 784 —
685 701 926 795 libertatess:

325 833 335 844 .
374 808 542 846 lascivia
569 808 680 845 verb.
709 812 750 846 et
776 808 942 846 levitate
970 812 1071 847 sent.
1113 812 1154 846 et
1192 807 1355 846 licentia
1383 818 1512 857 comp.

323 886 334 895 .
373 857 614 908 locupletem
645 871 695 898 ac
722 859 886 898 lautum.
938 860 988 898 22
1016 859 1148 900 lentus
1173 881 1224 888 —
1250 858 1408 908 longus.

372 909 423 948 H.
451 911 489 960 2,
519 911 569 949 10
595 909 699 949 inter
724 909 952 948 libertatem
981 913 1021 950 et
1047 910 1261 949 licentiam.
1315 910 1367 948 H.
1397 912 1432 959 1,
1462 911 1511 947 12

424 961 586 1000 licentia
612 973 662 1000 ac
689 961 856 999 libidine
882 962 981 1000 talia
1007 962 1211 1012 loquendi.

373 1011 421 1052 G.
450 1014 500 1052 27
527 1013 702 1052 lamenta
731 1015 772 1052 et
798 1013 996 1053 lacrimas.
1030 1015 1082 1054 H.
1110 1016 1148 1065 2,
1175 1015 1227 1053 49
1253 1011 1281 1051 f.
1310 1023 1398 1052 cum
1426 1011 1507 1051 lau·

424 1063 543 1102 dibus
570 1068 612 1102 et
637 1063 825 1103 lacrimis.
1396 1066 1399 1068 ’

370 1114 419 1153 Α.
448 1117 485 1163 3,
514 1116 564 1153 59
591 1114 712 1152 litora
739 1126 788 1153 ac
814 1115 939 1154 lacus.

372 1168 420 1204 A.
452 1166 513 1215 15,
542 1166 593 1204 64
619 1163 647 1203 f.
685 1165 813 1204 libare
842 1177 885 1204 se
912 1166 1108 1217 liquorem
1135 1167 1245 1206 illum
1285 1165 1373 1206 Iovi
1411 1164 1507 1203 libe-

424 1216 562 1254 ratori.

852 1267 921 1303 u.

368 1317 644 1357 Misericordia
670 1321 794 1368 atque
821 1332 887 1369 qu.
915 1319 1037 1359 animi
1062 1320 1249 1371 motibus.

368 1368 528 1408 flamma
555 1368 723 1408 materia
750 1370 872 1409 alitur
899 1373 940 1409 et
965 1371 1139 1409 motibus
1167 1370 1378 1409 excitatur.

367 1419 444 1469 Ag.
473 1421 523 1459 36
561 1419 615 1458 ad
651 1431 860 1460 mucrones
887 1424 928 1461 et
954 1432 1106 1460 manus.
1162 1421 1210 1462 G.
1239 1423 1287 1461 37
1327 1419 1506 1459 metiaris

418 1472 562 1509 molem
595 1482 829 1521 manusque.
873 1473 990 1523 H.·4,
1018 1474 1068 1512 28
1105 1472 1312 1511 machinas
1347 1473 1504 1510 molem-

418 1533 496 1571 que
534 1534 600 1571 op.

368 1571 416 1613 G.
448 1575 469 1612 1
508 1575 644 1613 mutuo
670 1576 779 1613 metu
805 1577 878 1615 aut
902 1575 1116 1615 montibus.
1170 1575 1220 1614 H.
1251 1577 1287 1623 1,
1315 1575 1365 1613 25
1398 1576 1507 1612 metu

416 1625 632 1664 mutandae
657 1625 836 1665 militiae.

369 1675 418 1715 A.
449 1677 509 1727 15,
537 1678 587 1716 42
626 1676 831 1727 magistris
858 1681 899 1717 et
923 1676 1277 1717 machinatoribus.
1330 1676 1379 1716 A.
1400 1677 1438 1727 2,
1457 1677 1506 1715 32

416 1728 710 1768 mathematicis
736 1729 960 1780 magisque.
987 1729 1035 1768 A.
1064 1731 1101 1779 3,
1129 1730 1179 1768 56
1207 1728 1427 1769 modestiae
1454 1728 1505 1767 N.

416 1781 457 1819 ct
483 1791 515 1820 s.
542 1780 821 1831 magnitudini.

366 1830 443 1879 Ag.
472 1833 523 1870 28
549 1844 737 1881 magnum
755 1844 804 1871 ac
822 1834 1132 1872 memorandum.
1161 1833 1212 1870 H.
1231 1834 1270 1880 2,
1283 1833 1334 1870 95
1360 1843 1506 1879 magna

418 1894 468 1920 ac
495 1882 642 1921 misera
671 1883 827 1923 civitas.

365 1932 415 1970 Η.
444 1934 481 1982 2,
509 1935 559 1972 49
586 1933 784 1974 modicum
813 1938 853 1975 et
880 1945 1120 1974 mansurum.

366 1983 418 2022 H.
447 1985 483 2033 3,
511 1986 563 2024 40
600 1986 726 2024 multo
760 1997 809 2024 ac
836 1986 945 2024 molli
972 1986 1144 2036 agmine.
1195 1984 1244 2022 A.
1274 1987 1310 2034 1,
1338 1985 1390 2022 40
1422 1995 1503 2021 mu-

416 2035 543 2074 liebre
570 2039 610 2073 et
636 2037 864 2075 miserabile
891 2048 1058 2085 agmen..

364 2084 413 2125 A.
444 2087 504 2136 12,
533 2087 583 2127 38
611 2087 736 2127 multa
764 2090 805 2127 et
831 2086 1058 2138 magnifica.

362 2137 412 2175 H.
439 2138 478 2187 4,
506 2139 556 2176 38
583 2141 736 2177 maesta
765 2143 805 2177 et
831 2140 1042 2189 multiplici
1077 2143 1186 2177 metu
1225 2149 1333 2187 susp.
1388 2138 1435 2176 A.
1464 2140 1501 2185 6,

413 2189 466 2227 40
491 2193 648 2228 maesta
675 2192 715 2228 et
741 2190 981 2230 miseranda.

362 2341 408 2380 In
434 2341 551 2381 nobis
578 2341 746 2382 notitiae
773 2355 821 2382 ac
848 2341 1030 2382 nominis.
1070 2343 1121 2383 36
1147 2342 1238 2393 plus
1265 2340 1433 2382 notitiae
1455 2354 1504 2383 ac

362 2391 533 2433 nominis
571 2393 679 2443 apud
717 2394 875 2445 plebem
912 2394 1098 2446 parabat.
1151 2396 1202 2434 34
1229 2396 1351 2433 notae
1376 2394 1501 2444 leges,

362 2455 442 2482 non
468 2444 563 2483 novi
590 2445 736 2485 vultus.
1399 2451 1409 2460 ‘

364 2495 412 2533 G.
442 2497 493 2534 38
530 2496 760 2535 nationibus
797 2496 1103 2547 nominibusque
1131 2496 1250 2536 discr.
1305 2496 1356 2536 H.
1383 2498 1421 2546 2,
1449 2497 1500 2536 48

413 2545 583 2586 nominis
609 2567 660 2576 ·-
686 2546 922 2586 nobilitatis.

362 2597 410 2635 A.
438 2599 476 2647 3,
504 2599 555 2636 53
582 2598 610 2635 f.
637 2597 876 2635 familiarum
903 2610 1108 2636 numerum
1135 2601 1176 2636 et
1202 2597 1397 2636 nationes.
1449 2598 1497 2635 A.

413 2649 450 2695 5,
478 2650 504 2686 4
530 2648 558 2686 f.
585 2648 797 2688 adversum
825 2652 1011 2698 nepotem
1038 2652 1079 2688 et
1105 2659 1258 2688 nurum.

363 2697 411 2738 A.
441 2700 477 2748 1,
507 2701 555 2739 17
582 2699 660 2739 nisi
687 2711 833 2739 novum
860 2704 900 2739 et
926 2703 1145 2739 nutantem.

362 2750 409 2786 A.
438 2752 476 2797 4,
507 2752 554 2788 17
581 2750 617 2789 si
642 2752 752 2791 nulla
780 2755 820 2791 et
846 2751 915 2790 ubi
942 2751 1063 2790 nimia
1091 2754 1164 2790 est.

360 2902 451 2941 Non
479 2902 657 2954 orbitati,
684 2915 764 2943 non
793 2854 914 2945 offiffi'i
939 2926 990 2933 -
1017 2903 1124 2944 acm.

312 2981 322 2991 .
362 2953 594 2993 oblitterata
621 2958 662 2994 et
689 2956 851 2995 olentia.
904 2957 954 2996 29
982 2958 1202 3005 occupatus
1230 2959 1270 2994 et
1298 2955 1498 2995 obsessus.

365 3003 413 3043 G.
441 3005 491 3043 33
518 3004 778 3044 oblectationi
806 3007 1024 3056 oculisque.
1050 3006 1099 3044 A.
1130 3008 1191 3055 16,
1222 3008 1270 3045 18
1297 3005 1440 3046 officiis
1459 3012 1500 3046 et

415 3054 718 3094 oblectamentis
745 3057 867 3096 vitae.

362 3106 412 3145 H.
442 3107 490 3156 3,-
507 3108 554 3145 71
593 3111 891 3156 oppugnatores
917 3129 968 3136 --
994 3118 1047 3147 an
1075 3107 1245 3146 obsessi.
1299 3108 1349 3147 H.
1383 3110 1421 3159 4,
1449 3111 1498 3148 22

416 3157 765 3208 obstupefecerant
803 3159 1006 3208 obsessos,
1045 3162 1086 3198 et
1124 3170 1235 3208 spem
1267 3171 1499 3209 oppugnan-

409 3208 520 3249 tium.

361 3259 411 3298 A.
440 3262 502 3311 13,
531 3261 580 3300 19
607 3259 749 3310 opibus
777 3263 816 3300 et
844 3261 1029 3300 orbitate.

362 3311 413 3349 H.
443 3314 480 3361 3,
508 3313 558 3350 85
586 3312 739 3360 erigere
767 3323 811 3349 os
839 3315 880 3349 et
907 3313 1049 3350 offerre
1077 3311 1339 3351 contumeliis.

361 3363 410 3401 A.
441 3366 475 3411 1,
503 3365 552 3402 41
580 3361 608 3403 f.
637 3365 764 3412 orant,
792 3361 1004 3403 obsistunt.

2176 241 2221 275 Ρ

1618 290 1655 328 5.
1693 292 1889 339 perpetua
1916 291 2097 340 potentia
2124 303 2173 330 ac
2200 295 2415 342 potestate.

1617 343 1654 380 8.
1691 341 1961 390 potentissimi
1988 364 2038 371 -
2066 343 2247 383 civitatis
2273 355 2322 384 ac
2348 367 2400 372 —
2425 343 2629 396 principes
2656 343 2744 384 fori.

382 394 433 434 H.
464 397 500 443 1,
528 395 579 433 35
605 392 633 431 f.
672 393 894 445 intrepidus
919 414 971 421 —
998 392 1271 444 inconruptus.
1323 392 1374 433 H.
1402 394 1441 443 3,
1469 393 1521 433 34
1591 393 1653 431 24.
1693 403 1718 430 a
1744 395 1861 442 patre
1889 394 1954 433 vel
1980 406 2005 432 a
2032 394 2282 445 propinquis.

1592 446 1653 483 19.
1691 444 1933 493 paucissima
1981 450 2200 496 praecepta
2250 446 2353 486 rhet.
2397 450 2467 487 aut
2505 446 2833 498 philosophorum

1775 494 1909 535 lacita.

1694 506 1824 589 G.p13
1861 549 1927 588 vel
1964 553 2081 600 pater
2119 550 2184 590 vel
2211 550 2437 602 propinqui.
2492 551 2539 591 G.
2570 554 2618 592 19
2644 553 2833 603 parentes

1744 611 1794 638 ac
1820 601 2046 651 propinqui.

1691 652 1739 693 G.
1767 653 1815 691 31
1849 652 1982 701 patria
2019 664 2068 692 ac
2106 653 2354 703 parentibus.
2409 653 2460 694 H.
2488 655 2525 705 3,
2553 656 2604 696 84
2640 654 2829 705 patriam,

1741 722 1792 729 —
1847 707 1998 743 enates.
2053 705 2103 743 H.
2133 707 2169 756 3,
2199 707 2248 745 86
2275 709 2467 756 paternos
2493 710 2674 757 penates.
2727 707 2777 744 A.
2795 709 2831 754 1,

1741 756 1792 793 59
1834 782 1844 792 .
1878 757 2063 806 patriam,
2091 762 2293 806 parentes.

1689 807 1737 848 G.
1766 808 1818 846 40
1843 807 2006 856 proeliis
2033 812 2073 847 et
2099 808 2377 858 periclitando.
2406 808 2457 849 H.
2486 810 2524 861 3,
2552 810 2604 850 84
2630 811 2692 849 tot
2717 817 2830 859 proe-

1738 856 1804 897 liis
1842 858 1992 899 laboris
2025 871 2074 898 ac
2100 860 2280 911 periculi.
2333 861 2382 900 A.
2414 864 2450 912 1,
2475 863 2528 900 24
2564 861 2831 912 periculorum

1734 911 2089 958 praemiorumque.
2118 913 2168 948 H.
2195 915 2232 960 4,
2260 915 2311 950 43
2336 913 2515 960 praemia
2541 913 2822 961 periculorum.

1735 960 1784 999 A.
1813 962 1850 1010 6,
1879 962 1902 1000 7
1929 959 1957 999 f.
1984 960 2163 1010 pericula
2190 965 2231 1001 et
2257 973 2422 1012 poenas.

1683 1011 1733 1051 H.
1764 1014 1800 1062 1,
1827 1014 1877 1052 25
1903 1012 2032 1062 pretio
2072 1016 2111 1051 et
2138 1013 2344 1063 promissis
2372 1035 2421 1041 —
2447 1015 2616 1065 pecunia
2650 1013 2705 1053 ad
2736 1025 2824 1064 per-

1734 1064 1989 1113 temptandos
2015 1065 2186 1113 plurium
2213 1065 2380 1103 animos.
2418 1066 2467 1104 A.
2481 1068 2519 1115 6,
2532 1068 2583 1106 43
2608 1066 2822 1116 pecuniam

1735 1118 1776 1153 et
1802 1115 1997 1163 pellicem.
2062 1115 2111 1153 A.
2143 1117 2203 1164 15,
2230 1117 2281 1155 54
2307 1115 2334 1154 f.
2363 1116 2556 1155 immensa
2582 1117 2753 1166 pecunia
2781 1120 2821 1153 et

1733 1165 1928 1215 potentia.

1685 1216 1753 1307 H.t
1765 1218 1803 1266 5,
1833 1218 1880 1255 16
1906 1216 2019 1267 pacis
2047 1227 2160 1255 amor
2185 1216 2445 1267 praemiaque
2473 1220 2514 1257 et
2541 1217 2655 1268 quies
2679 1218 2719 1257 in
2737 1227 2826 1267 pos—

1755 1277 1877 1307 erum.

1685 1317 1736 1357 H.
1764 1321 1802 1367 3,
1830 1321 1853 1357 7
1880 1318 1908 1357 f.
1936 1319 2097 1368 placere
2137 1319 2184 1357 G.
2214 1320 2464 1369 principatus
2491 1323 2533 1358 et
2559 1323 2711 1370 partes.

1684 1368 1733 1407 A.
1761 1371 1798 1418 2,
1826 1371 1876 1408 56
1904 1381 2090 1419 proceres
2117 1370 2368 1420 plebemque.
2401 1371 2452 1409 A.
2482 1373 2542 1420 13,
2573 1373 2619 1409 17
2648 1369 2675 1408 f.
2703 1371 2825 1419 patri·

1733 1419 1809 1458 bus
1846 1420 2075 1470 populoque
2111 1420 2344 1470 principem.
2397 1422 2447 1460 A.
2489 1424 2550 1471 16,
2581 1425 2602 1461 1
2641 1421 2826 1459 incusare

1732 1471 1953 1520 principem
1981 1476 2021 1509 et
2048 1471 2241 1519 pupillum
2268 1483 2427 1511 vocare.

1680 1522 1730 1562 A.
1760 1523 1820 1571 15,
1851 1524 1899 1562 19
1936 1524 2149 1573 praeturas
2188 1525 2230 1562 et
2267 1522 2497 1572 provincias
2540 1523 2645 1563 inter
2687 1525 2825 1573 patres

1734 1574 1880 1611 sortiti.

1634 1610 1637 1613 ’
1681 1626 1731 1664 A.
1758 1627 1797 1674 4,
1810 1627 1876 1668 ,48
1903 1623 1930 1662 f.
1958 1622 2151 1673 perfugae
2178 1627 2219 1663 et
2244 1623 2470 1674 proditores
2497 1623 2600 1665 ferre
2627 1636 2739 1665 arma
2766 1623 2819 1664 ad

1733 1697 1783 1704 —
1810 1676 1966 1727 patriae
1995 1675 2212 1715 servitium.

1680 1728 1730 1767 A.
1758 1730 1795 1778 2,
1825 1732 1871 1768 11
1901 1727 2091 1779 pontibus
2117 1727 2410 1779 praesidiisque
2437 1728 2648 1779 impositis.

1680 1780 1732 1820 H.
1760 1782 1798 1830 3,
1826 1782 1878 1819 24
1904 1779 2056 1830 pudore
2084 1783 2123 1818 et
2150 1779 2321 1830 probris.
2375 1780 2425 1818 H.
2454 1783 2491 1830 3,
2521 1783 2569 1819 11
2598 1780 2822 1830 procacita-

1731 1831 1784 1870 tis
1811 1836 1852 1872 et
1878 1831 2139 1880 petulantiae.
2194 1831 2244 1870 H.
2272 1833 2309 1880 4,
2337 1833 2390 1871 20
2420 1843 2573 1882 procax
2599 1835 2695 1872 ante
2721 1831 2820 1882 peri-

1681 1883 1877 1981 H.m3{m8nl‘
1905 1934 2038 1973 studia
2065 1932 2343 1983 philosophiae
2361 1937 2402 1971 et
2420 1935 2570 1983 placita
2585 1934 2820 1972 Stoicorum.

1679 1987 1728 2023 A.
1757 1988 1818 2034 13,
1846 1987 1896 2023 42
1924 1985 1951 2022 f.
1979 1996 2058 2035 qua
2086 1983 2296 2032 sapientia,
2325 1984 2469 2033 quibus
2490 1984 2819 2034 ‚philosophorum

1730 2036 1971 2087 praeceptis.
2576 2061 2580 2064 -

1603 2088 1640 2125 2.
1668 2098 1792 2138 purus
1820 2090 1861 2126 et
1887 2098 2050 2137 pressus
2078 2090 2119 2124 et
2146 2107 2195 2111 —
2222 2086 2434 2135 profluens.

1577 2140 1642 2178 29.
1680 2139 1846 2188 propria
1872 2151 1922 2177 ac
1948 2137 2181 2188 peculiaria.
2226 2139 2275 2177 32
2303 2137 2469 2186 primam
2489 2139 2529 2178 et
2547 2136 2820 2188 praecipuam.

1570 2547 1633 2582 28.

1683 2189 1731 2231 G.
1761 2191 1810 2231 19
1849 2189 2091 2240 paucissima
2129 2188 2340 2239 adulteria,
2380 2199 2510 2240 poena
2548 2200 2742 2240 praesens
2782 2193 2821 2228 et

1730 2242 1885 2280 maritis
1910 2242 2118 2290 permissa.

1678 2293 1727 2331 A.
1755 2296 1793 2342 3,
1821 2295 1871 2331 38
1898 2293 2043 2340 vulgus
2069 2301 2275 2340 praeceps,
2304 2289 2507 2339 pavidum.

1676 2343 1725 2382 A.
1755 2344 1817 2393 14,
1847 2344 1896 2382 14
1922 2342 2176 2393 praecipuum
2204 2344 2244 2379 et
2270 2342 2507 2401 praescium.

1675 2394 1724 2432 A.
1754 2397 1815 2443 13,
1845 2396 1893 2431 16
1920 2395 2081 2442 propria
2108 2396 2148 2430 et
2175 2403 2359 2440 parciore
2385 2405 2538 2432 mensa.

1675 2445 1727 2483 H.
1755 2447 1793 2494 2,
1823 2447 1871 2484 19
1898 2445 2060 2494 provisa
2088 2445 2326 2494 parataque.
2377 2443 2427 2483 H.
2456 2445 2494 2495 2,
2523 2445 2574 2484 76
2601 2455 2653 2484 m.
2693 2444 2817 2495 pollu-

1724 2495 1868 2535 endam
1895 2495 2234 2545 perdendamque.

1671 2546 1893 2595 praefuisse
1921 2547 2035 2583 educ.
2075 2558 2124 2582 ac
2157 2544 2399 2592 produxisse
2425 2547 2628 2595 principes
2655 2548 2815 2585 liberos.

1672 2597 1724 2635 H.
1752 2598 1790 2647 3,
1818 2599 1868 2636 22
1895 2600 2059 2647 postera
2088 2594 2153 2635 die
2180 2593 2396 2647 profligare
2424 2609 2474 2637 ac
2499 2607 2700 2648 proruere.

1673 2647 1724 2687 H.
1752 2649 1790 2698 3,
1819 2650 1867 2688 81
1896 2648 2169 2700 propellerent
2197 2649 2569 2699 proculcarentque.

1673 2699 1723 2737 A.
1752 2703 1788 2749 1,
1817 2702 1866 2738 51
1894 2701 1921 2737 f.
1951 2702 2177 2748 pergerent,
2207 2704 2479 2748 properarent.
2517 2701 2566 2737 A.
2596 2701 2658 2747 14,
2685 2700 2737 2738 43
2764 2712 2816 2737 m.

1724 2762 1841 2791 nemo
1869 2750 2074 2801 prohibuit
2100 2751 2170 2789 aut
2197 2750 2386 2797 prodidit.
2748 2780 2755 2785 .

1671 2799 1952 2853 philosophiae
1990 2806 2127 2850 partes
2165 2802 2336 2847 penitus.
2390 2804 2439 2839 32
2466 2804 2687 2850 praecepta
2726 2814 2817 2851 pru-

1675 2851 1855 2891 dentium
1882 2852 2053 2903 penitus.

1674 2903 1752 2954 Ag.
1780 2906 1804 2943 6
1842 2904 2049 2954 provincia
2082 2925 2132 2931 -
2163 2907 2306 2953 parata
2345 2903 2610 2953 peccantibus
2649 2907 2689 2943 et
2728 2914 2816 2954 pro-

1727 2956 1866 2995 consul
1891 2978 1943 2983 —-
1968 2965 2128 3003 pronus.

1673 3005 1751 3054 Ag.
1780 3008 1829 3045 19
1864 3017 1967 3056 quae
1995 3005 2035 3042 in
2060 3008 2270 3054 quaestum
2303 3027 2354 3034 -
2381 3005 2613 3056 provinciae
2639 3005 2816 3054 prudens

1725 3065 1774 3083 —·-
1802 3057 1938 3105 parvis
1965 3056 2145 3104 peccatis
2172 3077 2222 3084 —
2249 3059 2489 3106 peccaturos
2514 3066 2776 3106 praeponere.

1677 3106 1724 3146 G.
1753 3109 1777 3146 2
1807 3107 1895 3157 quis
1921 3118 2042 3156 porro
2071 3111 2233 3157 praeter
2259 3107 2478 3157 periculum
2505 3127 2550 3133 -
2579 3109 2750 3155 peteret.

1678 3158 1726 3197 G.
1757 3161 1803 3199 17
1831 3158 2015 3208 proxima
2041 3171 2136 3209 pars
2164 3158 2339 3208 pectoris
2365 3161 2489 3209 patet.

1626 3230 1629 3232 *
1676 3209 1725 3250 G.
1753 3212 1804 3250 26
1832 3210 1858 3248 f.
1886 3211 2067 3260 pomaria
2096 3213 2308 3249 conserunt
2336 3213 2375 3247 et
2400 3211 2517 3257 prata
2544 3211 2736 3257 separent
2762 3230 2813 3237 -—

1729 3263 1816 3300 sola
1842 3265 1976 3300 terrae
2006 3274 2134 3311 seges.

1678 3311 1816 3405 &ugit
1827 3312 1977 3361 passim
2015 3313 2251 3352 comitantur
2278 3313 2511 3361 partemque
2538 3309 2715 3361 praedae
2745 3320 2812 3361 pe-
