3147 3836
877 556 1236 675 INDEX
1320 554 2189 677 OOMPARATIVUS.

1332 777 1533 797 mm

637 990 1127 1069 PARS
1240 991 2417 1071 RflE'ronch.

1173 1284 1244 1354 S
1258 1283 1423 1353 YN
1420 1282 1593 1352 ΟΝ
1599 1283 1874 1353 YMA.

1100 1425 1181 1467 cfr.
1208 1424 1418 1467 Ecksteini
1444 1424 1602 1476 Proleg.
1630 1423 1671 1464 in
1699 1423 1794 1465 dial.
1821 1435 1862 1475 p.
1890 1424 1952 1465 so,

1295 1542 1342 1594 A.
1386 1538 1761 1595 SUBSTANTlVA.

250 1745 354 1784 Dial.
381 1746 418 1785 7.
456 1745 650 1786 Advenae
670 1749 711 1786 et
737 1746 951 1799 peregrini.
990 1746 1068 1786 Cic.
1090 1753 1199 1799 met
1223 1745 1373 1799 adefr·
1397 1746 1493 1786 For-

249 1848 311 1887 34.

243 2718 305 2757 39.

245 2922 305 2962 15.

240 3231 303 3270 36.

239 3335 303 3374 39.

357 1796 492 1835 cellini
519 1800 561 1836 et
585 1797 733 1837 Nizolii
759 1798 903 1837 lexica.

350 1847 635 1890 altercationes
660 1872 712 1880 —
738 1851 779 1891 et
803 1848 957 1902 iurgiis.
1009 1848 1061 1890 H.
1087 1850 1114 1889 4
1153 1849 1178 1891 6
1203 1860 1298 1891 acre
1324 1848 1495 1901 iurgium

351 1920 402 1930 —
427 1901 621 1951 paulatim
659 1911 734 1952 per
758 1902 1055 1942 altercationes.

353 1951 455 1992 rixa.
494 1952 546 1993 H.
569 1954 608 2004 2,
632 1954 683 1993 27
709 1952 738 1993 f.
767 1956 961 2006 conrupta
988 1953 1129 2004 iurgiis
1154 1957 1226 1994 aut
1251 1954 1351 1994 rixis
1377 1953 1493 1994 disci·

354 2003 478 2053 plina.
532 2004 689 2044 Sueten.
716 2019 754 2044 a.
782 2011 820 2045 et
843 2005 982 2057 iurgia.

301 2081 311 2092 .
349 2054 569 2095 ambitione
595 2078 647 2086 —
677 2058 720 2096 et
753 2055 979 2097 inlecebris.
1032 2054 1084 2097 H.
1111 2058 1149 2108 2,
1177 2058 1229 2098 64
1253 2056 1282 2097 f.
1309 2055 1493 2098 fortunae

349 2105 563 2146 inlecebris
589 2109 660 2148 aut
685 2107 842 2148 ambitu
869 2107 1060 2148 civitatis.

299 2184 310 2193 .
349 2157 516 2196 formam
543 2162 585 2198 et
609 2159 733 2197 animi
759 2163 800 2198 et
826 2159 989 2219 ingenii.
1017 2161 1066 2199 21
1087 2159 1150 2199 vis
1176 2163 1249 2200 aut
1274 2159 1397 2199 animi
1421 2162 1492 2199 aut

349 2208 512 2258 ingenii.
569 2209 646 2249 C'ic.
675 2224 714 2249 α.
741 2224 768 2250 a
810 2224 856 2249 ue

350 2262 438 2299 arte
465 2262 506 2300 et
533 2260 713 2301 scientia.

348 2310 563 2361 ruspicum.

348 2362 498 2453 positia)
534 2363 637 2403 caeli
676 2363 943 2416 siderumque.
995 2364 1074 2415 Ag.
1107 2365 1157 2405 12
1194 2364 1298 2408 infra
1336 2365 1490 2407 caelum

347 2423 398 2452 ac
425 2424 459 2453 si
489 2425 571 2454 era.

348 2464 525 2504 carmina
551 2469 593 2505 et
617 2476 771 2505 versus.
825 2466 875 2505 A.
905 2467 966 2517 16,
996 2468 1044 2505 19
1077 2478 1130 2505 ιιι.
1163 2466 1271 2507 levia
1311 2468 1488 2507 carmina

347 2517 389 2555 et
414 2513 558 2557 faciles
589 2528 744 2557 versus.
797 2516 847 2557 A.
877 2518 938 2568 15,
974 2519 1029 2558 70
1059 2517 1296 2559 recordatus
1329 2530 1489 2559 carmen

349 2578 375 2606 a
403 2577 446 2607 se
474 2568 736 2620 compositum
763 2589 814 2596 —
840 2580 980 2609 versus
1014 2573 1126 2620 ipsos
1152 2570 1318 2611 rettulit.
1372 2570 1422 2611 A.
1449 2573 1490 2622 2,

346 2618 436 2658 54f.
459 2619 623 2671 ignarus
643 2621 867 2661 litterarum
884 2624 926 2661 et
947 2621 1164 2661 caminum
1183 2621 1268 2662 edit
1293 2634 1487 2674 responsa

346 2670 531 2711 versibus
557 2671 801 2723 compositis.

345 2721 519 2762 clamore
543 2723 780 2775 plausuque.
835 2723 887 2764 H.
915 2725 953 2775 3,
980 2725 1032 2765 83
1067 2725 1241 2765 clamore
1277 2727 1319 2765 et
1343 2725 1488 2776 plausu

344 2770 524 2812 fovebat.
545 2773 625 2813 Cic.
638 2776 686 2814 cl.
700 2776 826 2827 etpl.,·
853 2775 984 2819 Quinc.
998 2777 1273 2816 acclamatione
1299 2798 1351 2805 —
1372 2779 1490 2828 plau-

346 2837 405 2870 su,
427 2827 592 2883 ,tumuisti
618 2833 655 2866 et
680 2828 859 2874 clamore,
887 2829 935 2866 cl.
955 2828 1233 2878 plaudentium.
1284 2827 1356 2868 cfr.
1382 2829 1487 2869 Bon-

344 2874 440 2913 nelli
465 2874 624 2916 lexicon
652 2875 973 2926 Quintilianeum.

347 2928 542 2965 concentu
595 2926 664 2978 (ex
718 2929 822 2968 coni.
842 2924 994 2979 Or'ellii,
1023 2929 1299 2980 concentibus)
1333 2934 1374 2970 et
1408 2931 1488 2970 cla·

345 2975 534 3036 moribus.
595 2977 673 3027 Ag.
712 2980 763 3018 33
807 2983 929 3019 cantu
965 2980 1126 3022 fremitu
1166 2981 1486 3032 clamoribusque

345 3026 531 3068 dissonis.
587 3027 636 3069 Gr.
664 3030 690 3069 3
720 3040 796 3069 nec
821 3031 935 3071 vocis
970 3043 1090 3083 quam
1126 3032 1288 3072 virtutis
1320 3043 1486 3072 concen-

342 3081 420 3119 tus.
459 3078 509 3118 A.
522 3081 562 3130 4,
578 3081 629 3119 25
657 3084 852 3121 concentu
878 3083 1066 3123 tubarum
1092 3094 1142 3122 ac
1168 3084 1273 3123 truci
1299 3084 1485 3123 clamore.

343 3130 394 3169 H.
422 3131 460 3180 5,
490 3132 538 3170 15
563 3129 592 3170 f.
620 3134 741 3170 cantu
766 3135 837 3171 aut
865 3133 1052 3173 clamore.
1105 3134 1154 3173 A.
1176 3137 1240 3185 16,
1258 3137 1285 3174 4
1309 3134 1338 3173 f.
1363 3134 1486 3174 certis

342 3180 472 3220 modis
496 3181 732 3232 plausuun
747 3182 968 3233 composito
995 3204 1047 3213 —
1073 3184 1218 3235 impari
1245 3185 1432 3225 clamore.

343 3232 510 3272 consilio
507 3235 579 3324 “et
603 3235 855 3273 auctoritate.
910 3233 959 3274 G.
986 3236 1035 3274 12
1064 3236 1272 3278 consilium
1300 3236 1416 3276 simul
1442 3238 1483 3275 et

351 3284 506 3324 auctori
551 3296 584 3325 s.

341 3346 481 3376 cursus
508 3339 549 3376 et
583 3336 726 3387 spatia.
779 3336 882 3375 Plin.
909 3337 959 3375 E.
987 3338 1025 3384 4,
1064 3339 1112 3376 12
1134 3339 1178 3386 f.
1213 3339 1339 3378 laedis
1377 3352 1484 3379 meac

340 3387 468 3437 spatio
495 3393 532 3428 et
556 3401 671 3428 cursu
697 3394 733 3428 et
753 3388 1066 3439 peregrinatione
1093 3390 1264 3429 laetetur.

882 2210 1036 2262 mqenii.

812 2289 822 2300 .
838 2263 877 2312 2,
893 2263 918 2302 3
945 2262 1153 2302 scientiam
1179 2266 1388 2314 artemque
1421 2262 1489 2302 ha·

640 3283 717 3324 oie.
744 3297 774 3325 c.
803 3291 919 3336 atque
945 3299 983 3324 a.

1089 1879 1141 1942 li.
1158 1904 1194 1953 1,
1210 1904 1262 1943 64
1287 1902 1418 1953 iurgia
1445 1923 1496 1929 —

1563 1644 1626 1684 40.

1563 2725 1624 2764 18.

1557 2875 1622 2918 12.

1558 3082 1620 3119 28.

1558 3133 1617 3170 12.

1585 2212 1627 2354 90990

1642 2883 1734 2920 -aut
1759 2880 1890 2930 gloria
1917 2884 1987 2919 aut
2013 2879 2150 2918 honor.
2202 2879 2265 2916 26.
2293 2878 2342 2915 41
2370 2877 2461 2916 laus
2487 2880 2530 2916 et
2556 2877 2625 2927 glo

1667 1641 1982 1683 dissensionibus
2020 1645 2062 1682 et
2097 1640 2320 1682 discordiis.
2371 1640 2448 1693 Ag.
2475 1642 2524 1681 32
2552 1639 2805 1682 dissensioni-

1666 1697 1742 1736 bus
1773 1708 1823 1736 ac
1857 1695 2068 1736 discordiis
2103 1695 2250 1748 (Oodd.
2287 1694 2382 1745 ΓΔ).
2448 1695 2527 1734 Cic.
2564 1697 2658 1734 dise.
2695 1703 2810 1747 atque

1667 1749 1760 1786 disc.
1788 1747 1859 1787 cfr.
1885 1748 1999 1787 Lael.
2028 1747 2091 1787 ed.
2119 1747 2292 1796 Seyffert
2317 1758 2358 1796 p.
2388 1749 2475 1787 151.
2530 1745 2579 1787 G.
2594 1748 2644 1787 37
2661 1745 2808 1788 discor·

1668 1799 1760 1838 diae
1785 1802 1948 1839 nostrae
1974 1801 2016 1839 et
2042 1798 2217 1838 civilium
2244 1809 2457 1838 armorum.
2508 1797 2562 1838 H.
2583 1798 2623 1847 3,
2650 1798 2700 1838 57
2714 1798 2810 1837 civi-

1665 1850 1773 1891 libus
1799 1850 2023 1891 discordiis.
2050 1850 2101 1890 H.
2118 1851 2156 1902 2,
2178 1851 2228 1891 32
2241 1848 2270 1889 f.
2286 1849 2390 1889 inter
2404 1848 2546 1889 civiles
2573 1848 2813 1889 discordias.

1667 1903 1719 1943 H.
1751 1905 1788 1963 1,
1814 1904 1866 1944 46
1897 1902 1952 1942 ad
1991 1902 2208 1943 seditiones
2242 1905 2285 1942 et
2318 1901 2555 1941 discordias.
2606 1900 2658 1940 H.
2688 1904 2723 1961 1,
2759 1903 2810 1942 84

1667 1954 1904 1994 seditionem
1930 1957 1971 1994 et
1998 1953 2253 1993 discordiam.
2305 1953 2357 1992 Η.
2384 1954 2409 1992 2
2451 1954 2502 1992 86
2529 1951 2740 1992 discordiis
2769 1957 2811 1992 et

1666 2005 1943 2047 seditionibus.
1994 2006 2046 2045 H.
2061 2008 2099 2055 4,
2124 2008 2144 2045 1
2171 2004 2315 2045 turbas
2341 2007 2383 2044 et
2409 1981 2666 2064 discordias..
2695 2003 2746 2044 A.
2772 2006 2811 2054 1,

1667 2060 1716 2099 19
1743 2056 1978 2097 seditionem
2015 2059 2056 2097 et
2082 2056 2236 2097 turbas.
2288 2055 2338 2096 A.
2367 2056 2404 2106 6,
2431 2057 2459 2097 3
2492 2054 2734 2096 discordiam
2769 2059 2811 2096 et

1664 2109 1913 2150 seditionem.
1965 2109 2015 2148 A.
2052 2110 2090 2160 6,
2134 2111 2182 2148 16
2223 2107 2462 2147 seditionum
2501 2106 2808 2147 discordiarum—

1693 2172 1754 2201 ue.
1806 2160 1855 2200 A.
1883 2163 1922 2211 3,
1949 2163 2001 2201 48
2026 2160 2240 2211 pravitatis
2266 2163 2307 2200 et
2334 2157 2640 2199 discordiarum.

1693 2211 1832 2252 ivitiae
1859 2215 1900 2252 et
1927 2222 2037 2263 opes.
2094 2210 2171 2251 Cic.
2199 2212 2237 2250 d.
2263 2216 2300 2250 et
2326 2223 2360 2249 o.

1664 2262 1773 2302 fama
1799 2266 1840 2302 et
1865 2264 1969 2302 laus.
2026 2262 2104 2302 C'ic.
2120 2264 2160 2310 f.
2189 2268 2226 2301 et
2251 2264 2276 2300 l.

1661 2314 1770 2354 fama
1802 2314 2024 2365 gloriaque.
2078 2314 2176 2352 Sall.
2203 2313 2288 2365 Iuy.
2315 2314 2341 2352 4
2362 2313 2523 2360 samam
2557 2319 2674 2364 atque
2705 2316 2808 2365 ρίαν.

1662 2366 1768 2405 Plin.
1794 2366 1844 2405 P.
1875 2367 1925 2405 10
1950 2366 2081 2417 inqens
2104 2365 2237 2417 qloria
2263 2365 2468 2416 inqensque
2481 2364 2694 2415 famaque.
2746 2365 2810 2403 Pl.

1663 2418 1713 2455 E.
1741 2419 1779 2467 7,
1805 2419 1858 2456 20
1883 2418 2005 2464 fama
2032 2417 2247 2468 qlorioeque.
2300 2416 2364 2454 Pl.
2402 2416 2452 2453 Ε.
2483 2417 2522 2464 6,
2558 2417 2610 2455 29
2632 2417 2694 2475 ql.
2717 2417 2807 2463 ets.

1663 2468 1715 2507 H.
1741 2469 1780 2517 4,
1809 2469 1833 2507 6
1860 2466 2114 2517 adpetentior
2139 2466 2270 2508 famae
2295 2488 2347 2496 -
2374 2464 2520 2516 cupido
2547 2466 2715 2516 gloriae.
2754 2466 2806 2505 H.

1661 2520 1700 2570 2,
1741 2520 1792 2580 37
1819 2519 1989 2570 gloriam
2023 2529 2261 2571 nomenque.
2310 2514 2359 2557 A'.
2403 2520 2439 2568 1,
2475 2518 2502 2558 8
2539 2517 2732 2558 iactantia
2765 2521 2804 2556 et

1707 2581 1806 2610 oria.

1661 2571 1910 2662 {strionalis
1945 2622 2063 2662 favor
2088 2626 2130 2662 et
2155 2643 2205 2650 ——
2232 2620 2378 2662 studia.
2430 2620 2479 2660 A.
2510 2623 2545 2671 1,
2584 2621 2631 2660 16
2669 2619 2804 2661 studio

1660 2673 1900 2714 histrionali.
1953 2675 2019 2714 Pl.
2045 2675 2094 2713 E.
2122 2676 2158 2724 9,
2187 2675 2211 2714 6
2238 2673 2402 2713 scandiam
2416 2673 2630 2723 favorque.

1661 2724 1813 2765 formas
1840 2729 1882 2766 et
1906 2732 2056 2776 genera
2083 2725 2254 2765 dicendi.
2301 2726 2349 2764 19
2366 2723 2531 2762 formam
2559 2726 2602 2761 et
2627 2725 2803 2774 speciem

1663 2777 1868 2877 οταθίῧιιίε.
1927 2777 2005 2817 Cic.
2019 2779 2199 2826 formam
2210 2777 2456 2828 figuramque
2482 2773 2655 2821 dicen&
2683 2788 2805 2827 yemis

1664 2829 1762 2876 ὤας
1807 2857 1817 2867 .
1847 2835 1885 2868 et
1959 2858 1970 2867 .

1909 2842 1956 2880 sp
2626 2877 2701 2916 ria.
2755 2878 2804 2918 G.

1661 2933 1687 2970 5
1714 2943 1809 2970 suus
1835 2931 1962 2970 honor
1985 2934 2056 2968 aut
2080 2929 2210 2978 gloria
2236 2927 2392 2966 frontis.
2425 2928 2478 2966 H.
2492 2929 2532 2977 4,
2556 2930 2607 2967 14
2633 2940 2659 2966 a
2685 2928 2805 2967 laude

1662 2981 1882 3032 gloriaque.
1939 2980 2015 3019 Cic.
2039 2981 2094 3031 91.
2122 2985 2158 3018 et
2184 2981 2209 3018 l.
2262 2979 2328 3017 Pl.
2359 2980 2398 3029 3,
2434 2981 2485 3019 21
2511 2980 2614 3031 abor.
2642 2985 2680 3019 et
2704 2980 2803 3017 laus.

1665 3031 1795 3074 Quint.
1824 3033 1849 3070 Ι.
1877 3037 1915 3070 ee
1934 3033 1989 3091 ql.

1660 3081 1813 3132 gremio
1838 3094 1890 3121 ae
1910 3094 2004 3124 smu
2029 3082 2184 3121 matris.
2239 3080 2322 3120 Cic.
2346 3096 2377 3120 a.
2405 3094 2453 3120 ac
2476 3096 2516 3132 q.
2544 3095 2592 3119 m.

1656 3131 1799 3172 habitu
1834 3133 2037 3184 cultuque.
2089 3133 2139 3173 A.
2169 3136 2205 3183 1,
2234 3134 2285 3174 10
2316 3132 2457 3173 habitu
2496 3132 2695 3182 cultuque.
2749 3132 2798 3171 A.

1656 3185 1695 3234 2,
1723 3185 1774 3223 59
1801 3185 1912 3223 cultu
1938 3185 2173 3235 habituque.

1658 3234 1855 3285 imagines
1882 3247 1932 3275 ac
1965 3236 2072 3275 tituli
2107 3240 2147 3275 et
2183 3239 2352 3274 statuae.
2405 3233 2467 3271 Pl.
2494 3232 2543 3270 P.
2572 3233 2635 3284 10,
2663 3234 2689 3273 3
2715 3233 2804 3272 titu-

1658 3286 1706 3345 ljc
1733 3293 1770 3326 et
1802 3287 1917 3340 imag».
1946 3294 1984 3327 et
2013 3288 2166 3328 statuis.
2194 3288 2293 3325 Hor.
2324 3285 2365 3322 S.
2396 3287 2431 3334 1,
2466 3286 2505 3335 6,
2537 3285 2586 3324 13
2619 3284 2737 3324 titulis
2766 3291 2802 3323 et

1660 3351 1696 3376 θη
1764 3367 1774 3377 .

1657 3352 1823 3430 ἰιιιέἕιιεε
1849 3411 1902 3418 ——
1928 3391 2074 3443 quibus
2100 3413 2150 3419 —
2176 3391 2285 3428 recta
2319 3386 2476 3427 indoles
2517 3390 2579 3426 est
2614 3391 2655 3426 et
2693 3387 2800 3425 bona
