3147 3836
1377 117 1667 159 —13—

357 247 601 291 Maximam.
621 247 796 303 quidem
825 253 995 304 partem
1025 260 1084 291 exv
1109 246 1280 302 scriptis
1311 245 1527 303 Ciceronis
1558 259 1652 290 esse
1682 244 1975 302 repetendam,
2007 258 2208 300 magnam
2250 248 2295 290 in
2336 247 2472 304 ipsius
2498 248 2645 302 vTaciti
2685 249 2804 293 libris

239 308 435 363 inveniri,
454 307 666 353 modicam
695 306 814 363 apud
843 307 1031 350 Plinium
1061 305 1307 350 Secundum
1336 304 1589 362 (cognomen
1618 305 1843 349 brevitatis
1873 318 2005 349 causa
2045 305 2090 348 in
2121 312 2351 363 conspectu
2380 307 2608 352 verborum
2636 320 2806 364 semper

239 367 383 425 omisi)
411 373 489 411 aut
518 366 639 423 apud
667 366 919 410 Suetonium
948 371 992 409 et
1022 365 1208 408 Plinium
1237 365 1445 409 maiorem
1470 365 1674 421 reperiri:
1712 363 1935 409 Ciceronis
1976 370 2122 408 autem
2157 379 2397 423 synonyma
2427 367 2587 423 partim
2624 366 2683 409 ad
2712 380 2804 412 ver·

239 426 352 469 bum:
371 426 570 482 repetita,
599 425 760 482 partim
788 425 1123 480 transpositione
1153 430 1230 468 aut
1259 425 1408 478 aliqua
1435 424 1808 468 transformatione
1839 437 1934 466 esse
1964 429 2144 479 mutata,
2164 430 2220 468 'et
2250 424 2297 467 id
2327 426 2499 479 quidem
2529 439 2648 470 more
2680 426 2804 470 Taci-

238 485 340 529 tino.
401 484 506 542 (Cic.
543 485 782 540 periculum
821 483 1134 538 discrimenque
1176 484 1227 526 H.
1258 484 1300 538 2,
1347 484 1401 526 77
1445 482 1674 526 discrimen
1723 497 1775 526 ac
1818 482 2021 538 pericula.
2067 483 2152 526 Cic.
2183 484 2387 538 probrum
2427 491 2557 540 atquc
2601 484 2804 540 dedecus,

237 543 475 598 ignominia
504 549 635 599 atque
665 543 853 586 dedecus
880 542 934 585 H.
964 543 1007 597 4,
1041 543 1096 587 '12
1128 542 1268 600 pudor
1286 555 1338 587 ac
1369 541 1410 586 d.
1440 541 1492 586 Η.
1527 544 1566 597 1,
1597 544 1656 587 30
1685 543 1816 586 rubor
1845 556 1898 586 ac
1927 541 1967 584 d.
1996 543 2050 585 Η.
2082 543 2125 598 4,
2150 543 2207 586 62
2238 543 2369 587 rubor
2400 549 2442 587 et
2471 544 2649 587 infamia
2678 545 2729 588 A.
2761 545 2804 602 3,

237 604 295 646 52
313 603 606 657 ignominiam
621 607 680 646 set
707 600 961 659 infamiam.)

316 702 318 704 .
355 661 536 718 Propria
565 665 711 704 autem
741 659 905 714 dialogi
935 660 1135 704 videntur
1155 673 1282 707 esse:
1712 708 1714 711 p
2134 687 2141 700 -.

354 721 425 764 33.
455 719 694 763 adversarii
724 723 768 761 et
790 720 969 774 aemuli,
1005 720 1072 762 11.
1102 719 1283 764 notitiae
1313 733 1365 762 ac
1395 718 1590 776 nominis,
1621 720 1662 762 2.
1695 719 1963 763 institutione
1994 724 2038 762 et
2065 718 2238 774 litteris,
2274 720 2340 762 14.
2372 719 2622 763 eruditionis
2653 734 2705 763 ac
2735 722 2802 764 lit·

237 784 437 835 terarum,
470 781 545 821 33..
571 778 759 832 vestigia
788 783 832 820 et
862 778 1146 832 lineamenta,
1179 780 1249 822 36.
1279 779 1608 834 perturbatione,
1634 793 1685 822 ac
1698 791 1701 793 ·
1716 779 1904 832 licentia,
1951 780 2021 822 39.
2065 793 2169 822 cura
2199 785 2242 822 et
2274 778 2474 822 anxietas
2503 778 2619 834 stili3
2650 781 2691 822 4.
2721 780 2802 823 fre-

237 851 371 891 quens
403 844 446 881 et
478 836 695 891 adsidua,·
728 838 768 879 5.
800 850 872 880 reo
904 843 948 880 et
978 838 1252 893 periclitanti,
1307 839 1374 881 13.
1405 837 1597 894 inquieta
1628 843 1672 881 et
1702 837 1864 892 anxia,‘
1881 838 1951 881 20.
1981 838 2160 894 pulcher
2190 842 2233 881 et
2264 843 2452 893 ornatus,
2484 839 2555 882 22.
2588 838 2804 894 expolitus

236 902 278 938 et
309 895 553 952 splendens,
585 896 655 938 22.
686 894 815 938 tarda
846 900 889 938 et
919 895 1058 950 inerti,
1090 897 1160 939 36.
1192 897 1468 952 conspicuum
1498 901 1541 940 et
1571 897 1846 951 eminentem3
1880 897 1919 939 8.
1951 897 2220 939 accumulare
2249 899 2294 939 'et
2325 910 2569 952 congerere,
2603 898 2642 940 9.
2676 910 2802 940 excu-

235 953 300 1000 dit
329 959 374 999 et
404 953 685 1009 elucubravit,
722 954 790 998 18.
821 953 972 999 fortius
1004 960 1047 999 ct
1078 955 1308 1000 audentius
1338 955 1493 1011 dicere,
1527 956 1595 999 21.
1625 955 1852 1000 sublimius
1895 959 1939 999 et
1978 955 2135 1000 cultius
2167 955 2222 1012 d.,
2254 955 2322 1000 25.
2353 956 2545 1000 invidere
2575 960 2619 999 et
2649 956 2798 1011 livere,

234 1014 304 1058 36.
335 1014 571 1071 composita
602 1018 647 1057 et
676 1013 823 1068 quieta
852 1014 1088 1071 republica,
1120 1016 1190 1059 38.
1221 1015 1406 1059 turbidis
1436 1020 1480 1058 et
1510 1015 1713 1071 inquietis
1743 1016 2019 1071 temporibus.

351 1073 513 1116 Addidi
553 1074 889 1115 adlitterationis
929 1075 1143 1129 exempla,
1193 1087 1322 1128 quam
1361 1087 1670 1129 saepenumero
1731 1075 1777 1116 in
1819 1074 2067 1129 synonymis
2111 1079 2154 1115 et
2197 1074 2242 1114 in
2298 1074 2507 1128 oppositis
2550 1081 2803 1130 usurpatam

233 1131 473 1174 invenimus
505 1135 548 1173 et
577 1130 623 1172 in
653 1131 806 1174 Tacito
838 1136 881 1173 et
911 1131 957 1173 in
988 1131 1183 1186 dialogo:
1227 1132 1399 1176 diversa
1443 1132 1778 1175 adlitterationis
1823 1145 1985 1186 genera
2014 1131 2221 1174 adhibere
2253 1131 2451 1174 Tacitum
2481 1132 2567 1174 iam
2598 1133 2801 1177 Pabstius

234 1190 468 1233 rectissime
510 1189 750 1244 adnotavit,
801 1190 969 1244 Proleg.
1010 1204 1051 1246 p.
1086 1193 1151 1234 16.
1213 1191 1391 1235 Constat
1428 1191 1635 1235 latissime
1680 1195 1834 1247 patere
1877 1204 2000 1234 usum
2040 1190 2373 1233 adlitterationis
2415 1190 2534 1245 apud
2577 1191 2804 1246 Romanos,

234 1262 319 1291 non
349 1249 488 1291 solum
508 1247 637 1303 apud
667 1253 819 1303 poetas
850 1247 1049 1305 (quorum
1066 1250 1279 1306 exempla,
1301 1263 1353 1292 ac
1382 1250 1613 1305 praecipue
1630 1249 1861 1304 Plautina,
1882 1251 2097 1303 congessit
2118 1249 2312 1292 Naekius
2343 1250 2387 1291 in
2417 1249 2566 1293 Museo
2596 1250 2827 1293 Rhenano=

236 1305 370 1363 1829)
394 1306 473 1349 sed
502 1306 634 1349 etiam
663 1306 783 1362 apud
814 1307 1055 1362 scriptores.
1108 1309 1273 1352 *Confer
1301 1308 1643 1351 dissertationem
1672 1306 1803 1362 quam
1832 1321 1971 1364 nuper
2005 1308 2085 1361 „de
2116 1307 2473 1352 adnominationis
2505 1313 2549 1351 et
2579 1308 2801 1352 adlittera—

233 1365 360 1409 tionis
400 1363 520 1421 apud
562 1364 810 1409 Ciceronem
850 1368 954 1409 usu“
1019 1366 1156 1411 Iulius
1194 1366 1472 1411 Theobaldus
1503 1366 1696 1424 (Bonnae
1730 1367 1863 1425 1852)
1893 1368 2076 1424 scripsit.
2138 1367 2285 1410 Cicero
2315 1366 2398 1410 hac
2428 1379 2598 1422 quoque
2635 1367 2804 1410 ratione

232 1424 275 1468 in
307 1424 526 1468 vocabulis
556 1425 856 1469 venustissime
887 1426 1010 1470 lusit:
2018 1427 2022 1431 '

350 1484 392 1527 d.
425 1485 496 1527 Or.
531 1486 570 1538 1,
608 1486 646 1538 1,
679 1486 707 1526 2
739 1485 953 1527 maximae
985 1487 1118 1529 moles
1148 1485 1440 1529 molestiarum
1470 1492 1512 1530 et
1542 1486 1939 1530 turbulentissimae
1969 1491 2262 1540 tempestates.

350 1542 495 1586 Milon.
531 1544 598 1598 11,
632 1544 691 1586 30
719 1543 764 1586 vi
798 1544 914 1586 victa
943 1545 1011 1588 vis
1041 1546 1112 1587 vel
1152 1545 1295 1600 potius
1326 1558 1534 1600 oppressa
1561 1546 1724 1588 virtute
1755 1543 1940 1587 audacia
1971 1550 2047 1587 est.
2078 1545 2150 1598 25,
2183 1545 2237 1587 67
2270 1542 2315 1585 in
2345 1543 2426 1588 hoc
2455 1543 2520 1587 vis
2551 1568 2610 1574 —
2641 1549 2686 1587 ct
2715 1556 2802 1588 non

235 1601 360 1644 unius
391 1602 473 1644 viri
493 1602 641 1657 vires:
695 1607 738 1644 et
769 1617 866 1645 cum
896 1605 1122 1660 anaphora
1153 1605 1224 1659 26,
1257 1605 1315 1647 29
1347 1604 1441 1659 crit,
1464 1603 1555 1647 'erit
1586 1603 1696 1647 illud
1725 1603 1915 1659 profecto
1946 1608 2115 1659 tempus
2147 1608 2190 1646 et
2221 1603 2431 1646 illucescit
2459 1602 2533 1645 ille
2564 1601 2800 1656 aliquando

231 1659 335 1702 dies.
397 1660 480 1702 Cfr.
514 1660 599 1703 Cic.
630 1661 750 1703 Lael.
782 1661 847 1703 ed.
879 1662 1010 1717 Seyff.
1044 1663 1143 1705 358.
1417 1661 1419 1663 ’

349 1719 587 1776 Anaplzora
619 1726 661 1762 ct
692 1720 737 1763 in
767 1720 919 1763 Tacito
951 1725 994 1763 et
1024 1721 1069 1763 in
1100 1721 1272 1776 dialogo
1302 1720 1568 1777 plerumque
1583 1720 1887 1775 geminationis
1917 1720 2054 1771 forma
2083 1720 2356 1776 exprimitur:
2404 1733 2500 1763 raro
2542 1718 2799 1763 vocabulum

231 1776 407 1834 aliquod
437 1782 503 1821 ter
533 1783 740 1834 quaterve
769 1779 990 1836 repetitur.
1629 1780 1634 1784 ’

349 1839 500 1879 Darae
531 1841 846 1895 compositionis
876 1844 920 1881 et
950 1840 1045 1881 soni
1075 1839 1222 1894 aliquo
1251 1838 1377 1881 modo
1407 1839 1551 1881 iterati
1582 1845 1626 1881 et
1656 1839 1956 1894 complosionis
1997 1839 2264 1894 syllabarum
2306 1838 2505 1892 exempla
2535 1838 2718 1891 conlegi,
2751 1844 2797 1879 ut

232 1896 476 1939 Gutmanno
507 1897 801 1940 satisfacerem
833 1903 876 1940 et
908 1898 1103 1941 Ernestio
1134 1897 1364 1951 advGerm.
1395 1899 1456 1941 40
1485 1899 1512 1940 f.
1544 1898 1793 1942 adnotanti:
1829 1899 2030 1951 „auribus
2066 1897 2172 1941 meis
2203 1895 2351 1941 durius
2394 1899 2497 1943 est.“
2562 1896 2620 1940 At
2650 1908 2795 1951 saepe,

231 1955 345 2010 quod
378 1954 686 2000 Germanorum
717 1957 893 2000 auribus
925 1956 1145 2014 displicet,
1170 1954 1313 2014 placet
1332 1955 1459 2000 'idem
1489 1957 1585 2001 aliis
1614 1956 1862 2002 nationibus
1892 1962 1936 2001 et
1966 1957 2166 2001 vicissim.

347 2013 436 2057 Sed
466 2014 570 2069 quid
601 2029 741 2060 moror
771 2016 816 2060 in
847 2016 915 2060 his
945 2018 1086 2071 rebus,
1119 2029 1230 2071 quae
1260 2029 1340 2073 per
1369 2028 1416 2059 se
1446 2016 1765 2071 intelleguntur.

348 2073 685 2117 Conciam‘tatem
713 2076 991 2118 membrorum
1031 2076 1076 2118 in
1117 2076 1268 2119 Tacito
1299 2075 1548 2131 saepissime
1578 2077 1752 2118 variata
1783 2077 1973 2118 oratione
2013 2075 2299 2117 intermissam
2340 2087 2445 2128 esse,
2484 2087 2551 2116 res
2593 2079 2661 2116 est
2700 2086 2794 2128 per—

228 2132 420 2188 vulgata.

346 2193 416 2234 Ita
444 2193 638 2236 variatur
667 2193 712 2236 in
743 2194 916 2249 dialogo
948 2207 1116 2249 quoque
1147 2207 1301 2238 nomen
1331 2194 1473 2249 gentis
1505 2200 1547 2237 ct
1577 2199 1732 2250 terrae,
1765 2194 1996 2249 singularis
2040 2200 2082 2237 et
2124 2193 2319 2249 pluralis,
2365 2192 2552 2235 activum
2584 2197 2628 2234 et
2659 2192 2796 2248 passi-

228 2264 341 2307 vum,
373 2251 628 2306 gerundium
659 2257 702 2296 et
733 2253 978 2300 infinitivus.
1492 2290 1494 2292 >

344 2310 506 2353 Eodem
546 2312 683 2354 refero
725 2313 839 2366 quod
880 2314 1252 2369 amplff'catiouem
1282 2315 1556 2354 membrorum
1595 2313 1823 2355 nominavi.
1885 2313 2201 2366 Saepenumero
2246 2325 2378 2364 quum
2419 2311 2525 2352 bina
2562 2316 2641 2353 aut
2681 2310 2797 2352 trina

227 2370 439 2411 vocabula
469 2370 716 2426 iunguntur,
750 2372 938 2426 Tacitus,
971 2373 1082 2415 sieut
1112 2372 1321 2426 dialogus,
1353 2372 1536 2415 alterum
1565 2377 1640 2414 aut
1671 2371 1845 2415 tertium
1865 2372 2100 2414 membrum
2121 2368 2416 2414 additamento
2443 2368 2595 2424 aliquo
2625 2368 2797 2423 longius

229 2428 359 2472 efficit
388 2429 479 2472 sive
508 2430 709 2484 augendo
741 2444 830 2474 rem
862 2431 1051 2487 explicat
1082 2431 1174 2475 sive
1204 2429 1404 2485 negando
1434 2430 1525 2474 sive
1556 2429 1855 2486 comparando.

346 2487 469 2532 Hanc
500 2489 754 2533 varietatem
785 2490 830 2534 in
861 2491 1146 2534 conlocatione
1174 2491 1461 2544 membrorum,
1494 2490 1568 2545 qui
1598 2491 1811 2533 chiasmus
1842 2494 2034 2550 vocatur,
2065 2487 2198 2535 hahet
2229 2494 2273 2531 et
2302 2488 2504 2544 dialogus
2531 2493 2575 2531 et
2605 2488 2794 2530 Tac-itus»

348 2547 400 2589 ln
431 2560 484 2591 ea
514 2554 639 2606 parte
671 2562 782 2604 quae
814 2554 879 2592 est
916 2550 971 2592 de
1015 2551 1297 2592 conlocatione
1332 2551 1562 2603 verboram,
1598 2550 1636 2592 si
1677 2549 1783 2591 mihi
1812 2562 1892 2604 per
1931 2547 2137 2606 ‘tempor'm
2176 2549 2403 2602 angustias
2433 2548 2637 2602 licuisset,
2669 2547 2798 2601 plu!

229 2608 411 2649 fortasse
443 2609 643 2664 exempla
672 2623 740 2650 me
771 2609 1016 2651 adlaturum
1046 2610 1178 2651 fuisse
1208 2608 1368 2663 opinor.
1399 2608 1701 2663 Anastrophen
1741 2607 1917 2665 quidem
1951 2605 2319 2664 praepositionum
2353 2604 2445 2664 (cfr.
2476 2606 2612 2650 Boett.
2634 2620 2674 2661 p.
2688 2603 2793 2662 119)

229 2660 347 2721 apud
377 2665 577 2710 Tacitum
607 2668 813 2711 usitatam
844 2668 889 2711 in
918 2667 1120 2711 familiari
1151 2666 1313 2721 dialogi
1342 2679 1535 2710 sermone
1577 2680 1703 2710 nemo
1733 2665 2022 2712 desiderabit:
2072 2666 2292 2722 nonnulla,
2337 2665 2541 2722 imprimis
2572 2664 2793 2707 Adverbia

231 2731 272 2766 ct
304 2723 633 2768 Coniunctiones
663 2727 929 2782 postpositae
961 2725 1052 2783 (cfr.
1085 2725 1222 2769 Index
1253 2725 1535 2782 Latinitatis),
1567 2726 1673 2769 mire
1705 2739 1802 2769 eum
1832 2726 1985 2769 Tacito
2016 2726 2298 2768 consentiunt.

347 2782 634 2827 &velationis
665 2786 865 2841 exempla
895 2785 1039 2830 insunt
1071 2785 1202 2829 ctiam
1232 2785 1277 2828 in
1307 2796 1360 2828 ea
1389 2784 1603 2841 particula
1634 2797 1747 2840 quae
1776 2783 2152 2842 amplificationem
2182 2784 2462 2828 membrorum
2493 2782 2697 2827 continet.

347 2842 642 2885 Immutatione
672 2843 762 2900 illa,
796 2857 927 2899 quam
957 2843 1226 2899 grammatici
1255 2845 1549 2902 metonymiam
1588 2849 1757 2898 vocant,
1807 2844 2054 2898 frequenter
2096 2844 2229 2884 utitur
2270 2843 2446 2884 Tacitus
2489 2854 2630 2896 eaque
2669 2842 2793 2895 eligit

231 2901 440 2944 vocabula
469 2901 515 2943 in
546 2902 701 2956 quibus
731 2904 881 2946 vivida
913 2904 1127 2957 quaedam
1157 2908 1201 2945 et
1231 2903 1378 2945 audax
1406 2904 1549 2956 imago
1580 2903 1705 2957 inest,
1726 2901 1835 2945 adeo
1853 2908 1901 2944 ut
1932 2903 1993 2944 eis
2016 2915 2125 2955 quae
2157 2915 2242 2944 non
2270 2901 2409 2944 solum
2439 2915 2467 2943 a
2497 2900 2793 2955 scriptoribus,

230 2959 308 3003 sed
338 2971 468 3015 saepe
499 2960 630 3002 etiam
661 2974 689 3003 a
719 2962 858 3017 poetis
888 2962 1060 3017 vulgari
1090 2966 1258 3005 tantum
1287 2974 1416 3005 sensu
1452 2965 1724 3016 usurpantur,
1768 2965 1844 3003 aut
1874 2960 2081 3004 translate
2117 2964 2277 3014 utatur,
2322 2965 2399 3003 aut
2443 2957 2630 3015 quodam
2666 2958 2793 3001 modo

203 3042 207 3044 ν
231 3024 371 3062 novet.
433 3019 530 3069 Qua
560 3019 615 3062 de
646 3032 691 3061 re
723 3020 969 3064 Boetticher
998 3022 1043 3064 in
1074 3021 1243 3074 Proleg.
1274 3021 1412 3064 fusius
1442 3020 1653 3064 disseruit.

351 3079 527 3122 Tacitus
557 3092 641 3121 non
671 3078 797 3122 modo
826 3085 1052 3135 poetarum
1083 3080 1245 3124 colores
1276 3079 1459 3123 orationi
1489 3078 1641 3133 induit,
1673 3077 1752 3122 sed
1782 3078 1913 3121 etiam
1941 3077 2064 3121 novis
2094 3078 2316 3122 vocabulis
2359 3089 2595 3122 sermonem
2638 3075 2790 3118 Roma-

232 3151 334 3181 num
364 3136 530 3181 ditavit.
590 3137 812 3182 Eiusmodi
862 3138 907 3182 in
949 3138 1123 3194 dialogo
1159 3152 1271 3183 nova
1307 3139 1518 3183 vocabula
1567 3142 1666 3181 sunt
1695 3137 1946 3194 scurrilitas,
1976 3137 2182 3194 planitas,
2227 3137 2356 3181 statio
2407 3134 2790 3193 (ffiegietuuwiubt),

231 3197 510 3253 histrionalis,
541 3197 772 3241 uniformis.

350 3256 402 3299 In
424 3256 597 3311 dialogo
617 3256 825 3312 peculiari
846 3255 971 3300 modo
992 3256 1228 3311 iunguntur
1248 3256 1491 3301 substantia
1510 3256 1778 3311 facultatum,
1791 3256 2011 3311 ,utilitates
2033 3256 2161 3311 alere,
2184 3254 2398 3309 negotium
2428 3252 2512 3297 sibi
2542 3252 2791 3309 importare,

229 3320 445 3359 maturare
475 3315 648 3371 festino,
679 3315 872 3371 poeticae
903 3319 978 3358 aut
1009 3315 1220 3370 insolitae,
1254 3315 1332 3359 sed
1361 3316 1406 3358 in
1436 3315 1529 3371 ipso
1560 3315 1712 3359 Tacito
1742 3316 1898 3359 obviae
1929 3315 2136 3359 dictiones
2156 3319 2276 3359 sunt:
2317 3312 2520 3367 admissa,
2553 3326 2669 3368 cura,
2703 3311 2788 3355 dis-

232 3375 423 3431 crimina,
454 3374 583 3432 orbis,
626 3374 801 3432 placita,
843 3373 1088 3430 proeliator,
1127 3387 1338 3429 proceres,
1375 3374 1640 3430 obsequium,
1674 3375 1815 3430 rubor,
1846 3374 2032 3429 suboles,
2070 3373 2217 3427 livere,
2252 3370 2443 3414 studium
2472 3371 2661 3426 haurire,
2699 3385 2786 3414 am·
