3147 3774
1389 104 1679 146 -36-

1225 233 1294 305 C
1303 232 1864 303 HIASMUS.

416 398 494 441 Cfr.
522 399 813 449 Reisig-Haase
841 401 931 440 819.
961 401 1050 440 833.
1106 400 1207 452 (Cic.
1237 399 1384 491 Sani}r
1402 399 1637 491 11393.ξὸθὲ
1665 411 1740 491 διὲξ)
1781 398 1864 439 Cic.
1892 398 2006 440 Lael.
2034 399 2097 439 ed.
2127 399 2310 449 Seyffert.
2341 404 2415 442 149
2443 402 2471 442 f.
2501 403 2573 442 152
2601 412 2653 440 m.

1385 462 1521 501 ueger.
1626 479 1636 489 .
1742 479 1752 489 .

299 614 310 624 .
351 584 488 625 Crassi
514 586 785 626 maturitatem
813 597 932 636 quam
961 585 1213 626 calamistros
1240 584 1498 626 Maecenatis.

349 637 519 676 salutem
552 637 885 688 periclitantibus,
918 637 1090 677 inimicis
1127 641 1290 677 metum.
1342 640 1393 676 29
1420 648 1500 675 11011

350 688 567 727 severitate
594 688 829 738 discipfinae
855 701 930 728 nec
957 690 1108 739 ingenii
1136 690 1422 749 experimento.

351 751 484 779 comcs
510 738 763 791 seditionum,
792 740 975 781 effrenati
1009 740 1148 791 populi
1184 740 1500 781 incitamentum.

351 789 430 830 fide
456 790 736 831 advocationis
761 795 833 831 aut
859 791 1049 832 fortuitae
1068 792 1321 832 —dictionis
1338 792 1501 842 impetu.

350 842 428 893 Ag.
465 845 514 883 13
563 842 770 882 consilium
816 843 1026 894 Augustus
1071 844 1260 895 vocabat,
1316 844 1502 882 Tiberius

401 897 673 945 praeceptum.

348 944 428 997 Ag.
455 947 506 986 45
533 958 613 986 non
640 945 750 987 vitae
777 950 935 988 tantum
964 948 1162 999 claritate,
1187 947 1258 988 sed
1287 947 1406 986 etiam
1435 957 1500 996 op-

402 999 652 1048 portunitate
678 1000 832 1039 mortis.

353 1047 402 1091 G.
432 1053 481 1090 11
510 1050 752 1092 auctoritate
793 1051 989 1092 suadendi
1027 1051 1156 1103 magis
1184 1063 1303 1102 quam
1338 1048 1501 1090 iubendi

403 1106 621 1152 potestate.

352 1153 405 1192 H.
435 1158 472 1204 1,
501 1156 552 1194 83
586 1166 637 1192 m.
665 1155 768 1194 ratio
795 1167 924 1194 rerum
960 1159 1030 1194 aut
1066 1155 1319 1194 occasionum
1354 1152 1498 1190 veloci-

408 1210 484 1245 tas.

357 1257 404 1297 A.
436 1260 469 1308 1,
500 1259 549 1298 10
583 1256 754 1297 Pausam
795 1269 1005 1310 venenum,
1053 1258 1114 1299 sui
1147 1257 1293 1298 milites
1327 1255 1498 1296 Hirtium

407 1308 703 1358 (abstulerant).

351 1360 440 1418 A.1
478 1362 527 1398 72
553 1360 780 1410 proditione
809 1362 1027 1401 exercitum
1054 1365 1125 1400 aut
1152 1360 1310 1411 plebem
1339 1358 1499 1398 seditio-

401 1421 441 1448 ni
473 1421 532 1448 us.
894 1426 898 1430 ·

351 1461 401 1501 Η.
429 1463 468 1513 5,
502 1463 552 1502 25
591 1460 799 1503 honestius
838 1463 1039 1514 principes
1074 1463 1341 1502 Romanorum
1382 1473 1499 1511 quam

404 1510 692 1554 Germanorum
719 1513 888 1555 feminas
915 1515 1091 1554 tolerari.

352 1564 403 1602 H.
431 1566 469 1614 2,
498 1567 523 1604 8
551 1564 579 1603 f.
607 1577 738 1604 rernm
765 1578 958 1604 novarum
987 1566 1172 1616 cupidine
1200 1569 1240 1604 et
1267 1565 1359 1604 odio
1387 1576 1499 1615 prae-

406 1615 592 1654 sentium.

353 1666 404 1707 A.
434 1667 576 1727 15,·48
602 1667 784 1717 gravitas
811 1679 963 1707 morum
996 1671 1067 1709 aut
1093 1669 1344 1719 voluptatum
1377 1666 1501 1718 parsi·

356 1730 554 1819 H.m2(:mla2·
579 1769 605 1808 f.
636 1771 850 1810 securitate
877 1772 991 1821 pacis
1019 1775 1059 1811 et
1086 1771 1182 1811 belli
1209 1772 1328 1810 malo.

359 1820 459 1880 G·.⁷
487 1819 513 1858 f.
539 1821 648 1880 unde
688 1820 923 1861 feminarum
964 1823 1153 1873 ululatus,
1198 1822 1304 1861 unde
1338 1821 1501 1870 vagitus

356 1871 709 1970 Hein‘gaqtssffnee
737 1925 940 1963 Vitellium
982 1925 1215 1976 principem,
1255 1923 1327 1963 sed
1355 1922 1499 1963 Caesa-

407 1986 491 2013 rem
518 1974 755 2024 Augustum.

355 2026 499 2075 vulgus
528 2038 594 2115 giii.
623 2026 848 2087 imperitum
889 2030 930 2066 et
955 2028 1173 2088 ’tunicatus
1212 2028 1277 2067 hic
1317 2027 1501 2077 populus.

355 2088 434 2115 non
460 2076 529 2128 gla
576 2087 623 2116 us
656 2090 697 2116 in
741 2077 1015 2118 acie·firmius
1058 2085 1341 2119 munimentum
1381 2089 1501 2127 quam

352 2127 598 2179 periclitanti
627 2130 868 2180 eloquentia.

353 2180 550 2219 varietate
579 2181 814 2221 eruditionis
855 2187 895 2221 et
935 2183 1072 2233 lepore
1111 2183 1350 2237 urbanitatis
1378 2186 1418 2221 et
1445 2182 1501 2231 ip-

356 2243 488 2271 sarum
515 2232 657 2271 virium
685 2233 843 2272 robore.

354 2282 431 2332 Ag.
459 2283 510 2323 25
538 2288 682 2333 pai-atu
709 2297 870 2335 magno,
899 2286 1049 2325 maiore
1077 2285 1197 2326 fama.

355 2333 405 2372 H.
435 2335 875 2424 ¹lt,i0‹³;tlgmlmunimentum
908 2337 964 2376 ad
997 2348 1202 2388 praesens,
1233 2337 1272 2375 in
1299 2340 1502 2387 posterum

357 2398 470 2494 A.u{²›,
504 2439 529 2475 4
576 2415 691 2477 miles
729 2450 818 2478 cum
859 2439 993 2489 armis,
1030 2439 1116 2478 sine
1155 2439 1380 2488 insignibus
1420 2450 1501 2476 ma-

359 2490 742 2578 caigisilgrssctissgnsibus
769 2545 809 2579 et
837 2542 1012 2580 oratorio
1039 2542 1185 2581 studio.

358 2589 489 2638 gloria
517 2590 644 2628 maior
670 2595 740 2630 aut
766 2593 974 2641 augustior
1001 2592 1140 2631 honor.

358 2641 408 2678 H.
438 2643 474 2691 1,
503 2643 527 2680 3
554 2642 768 2692 propinqui
796 2642 1002 2693 audentes,
1031 2647 1261 2683 constantes
1289 2646 1438 2696 generi.

356 2692 407 2729 H.
438 2695 473 2738 1,
502 2694 553 2732 35
580 2693 692 2731 nimii
719 2694 867 2745 verbis,
895 2694 1056 2744 linguae
1084 2694 1249 2734 feroces.

356 2743 494 2833 Ele&
522 2746 572 2782 53
611 2744 847 2783 immodicus
892 2746 1053 2793 linguae
1093 2750 1134 2784 et
1172 2747 1352 2797 obsequii
1399 2750 1502 2787 inso-

359 2844 406 2881 A.
435 2849 470 2893 1,
498 2822 522 2883 2
550 2850 637 2884 tnta
674 2851 714 2885 et
753 2847 985 2896 praesentia
1014 2859 1133 2896 quam
1168 2852 1306 2888 vetera
1334 2854 1374 2889 et
1400 2850 1501 2901 peri-

413 2896 546 2936 culosa
575 2898 752 2937 mallent.

359 2946 409 2985 A.
449 2949 486 2997 2,
526 2950 550 2988 5
584 2953 848 2999 opportunum
889 2949 942 2990 ad
985 2950 1164 3002 insidias,
1205 2950 1506 2992 defensantibus

410 2999 702 3090 {Ligqiiguttnbuff'
719 3003 795 3090 1t4,t
809 3004 860 3041 33
886 3003 1129 3041 uberrimum
1158 3003 1344 3052 spolianti
1373 3008 1412 3044 et
1440 3005 1506 3043 de-

532 3062 556 3088 n
577 3063 589 3087 l
693 3063 732 3089 m
755 3064 778 3089 U
797 3064 874 3090 um.

360 3100 408 3139 A.
437 3103 475 3150 2,
504 3103 528 3140 6
556 3101 658 3140 velis
684 3100 852 3152 habiles,
881 3104 984 3143 citae
1012 3105 1145 3145 remis.

357 3152 406 3190 A.
433 3155 471 3203 5,
507 3154 530 3191 6
567 3153 620 3191 ob
658 3157 804 3191 metum
844 3166 1010 3206 paucae,
1052 3157 1188 3206 plures
1227 3158 1504 3198 adsuetudine.

410 3204 458 3263 A.
486 3206 525 3254 2,
553 3206 603 3243 46
631 3215 683 3242 111.
712 3203 909 3254 integrum
937 3207 1091 3247 adV.R.
1108 3209 1255 3248 bellum
1283 3221 1334 3248 an
1362 3221 1503 3260 pacem

409 3260 669 3292 incruentam.

356 3304 405 3344 A.
436 3308 494 3355 14,
523 3308 573 3346 53
600 3318 651 3345 111.
680 3306 854 3356 gratiam
889 3306 1130 3363 immensam,
1159 3310 1400 3350 innumeram
1436 3323 1500 3361 pe-

408 3359 561 3396 cuniam
596 3358 908 3399 circumdedisti.

1672 584 1722 624 H.
1751 586 1787 635 3,
1816 586 1864 625 32
1892 584 2122 635 adloquitur
2147 584 2358 636 magnifice
2377 586 2565 637 victores,
2581 587 2710 627 victos
2737 587 2813 627 cle-

1725 640 1889 674 menter.

1673 687 1722 725 A.
1750 690 1787 736 2,
1815 690 1865 727 55
1893 699 1996 738 quae
2023 688 2063 726 in
2090 687 2331 728 Macedones
2370 688 2627 738 improspere,
2667 689 2814 727 violen-

1727 741 1789 779 ter
1816 740 1856 778 in
1885 751 1977 779 suos
2003 739 2179 780 fecisset.

1675 790 1726 829 H.
1753 792 1791 841 5,
1818 793 1868 832 25
1894 791 1922 830 f.
1951 792 2096 831 bellum
2135 791 2201 831 uni
2242 791 2523 841 necessarium,
2558 790 2682 829 ferale
2716 792 2816 842 ipsis

1732 848 1978 882 sumeretur.

1675 892 1724 932 A.
1755 898 1790 945 1,
1818 897 1869 936 84
1900 895 2139 936 fortissimus
2176 896 2216 935 in
2252 895 2338 947 ipso
2372 892 2599 933 discrimine
2627 892 2695 944 qui
2722 897 2817 933 antc

1730 945 1941 985 discrimen
1970 947 2252 998 quietissimus.

1550 998 1636 1045 241.
1675 996 1782 1037 vitas
1810 1003 1966 1039 vestras
2005 1012 2054 1038 ac
2090 1003 2225 1039 vestra
2263 1003 2442 1049 tempora
2479 997 2546 1048 (ex
2573 1008 2662 1035 mea
2689 996 2816 1045 coni.3

1676 1046 1803 1089 Periz.
1832 1062 1881 1090 ac
1908 1052 2065 1090 vestra·
2093 1051 2259 1091 Fames.
2287 1062 2335 1090 ac
2362 1049 2547 1099 vestras).

1599 1101 1635 1138 6.
1676 1100 1858 1140 omnibus
1884 1113 2011 1153 prope
2038 1081 2180 1143 diebus
2206 1114 2255 1142 ac
2281 1113 2407 1153 prope
2434 1101 2616 1141 omnibus
2642 1099 2765 1138 horis.

1673 1149 1751 1200 Ag.
1779 1154 1827 1190 41
1856 1152 1883 1191 f.
1912 1154 2029 1193 simul
2056 1156 2138 1193 suis
2165 1154 2394 1204 virtutibus,
2433 1153 2548 1193 simul
2586 1152 2695 1193 vitiis
2721 1150 2816 1189 alio-

1725 1214 1823 1243 rum.

1679 1253 1729 1293 H·
1760 1257 1794 1307 1,
1832 1258 1884 1297 30
1921 1256 1974 1296 ad
2009 1269 2083 1298 nos
2117 1258 2310 1298 scelerum
2350 1258 2493 1308 exitus,
2536 1256 2729 1296 bellorum
2766 1254 2819 1293 ad

1726 1319 1799 1346 vos
1828 1310 2098 1357 pertinebunt.

1674 1355 1723 1395 A.
1752 1360 1814 1409 16,
1843 1361 1893 1398 22
1928 1359 2020 1399 hinc
2056 1359 2123 1399 uni
2161 1359 2415 1399 incolumitas
2456 1363 2539 1409 tua,
2583 1362 2676 1398 tuae
2711 1361 2819 1396 artes

1728 1409 1813 1447 siue
1839 1410 2003 1449 honore.

1571 1463 1634 1501 40.
1673 1459 1818 1499 Rhodii
1847 1461 2022 1513 quidam,
2077 1461 2208 1502 lui-imi
2234 1460 2513 1502 Athenienses.

1671 1512 1721 1552 A.
1748 1515 1785 1563 2,
1814 1515 1864 1553 23
1891 1525 2008 1554 omne
2061 1514 2177 1554 ehlnc
2205 1515 2357 1554 caelum
2385 1516 2426 1553 et
2451 1524 2562 1552 mare
2590 1522 2718 1551 omne.

1676 1563 1726 1602 H.
1757 1566 1792 1613 1,
1820 1566 1872 1604 50
1898 1564 1924 1603 f.
1966 1566 2113 1604 bellum
2151 1565 2262 1604 aliud
2289 1570 2411 1615 atque
2437 1565 2540 1604 alias
2567 1563 2703 1603 clades
2730 1562 2818 1601 lior·

1725 1615 1881 1654 rebant.
1933 1617 1983 1655 H.
2019 1619 2056 1666 3,
2090 1618 2142 1655 24
2179 1616 2207 1655 f.
2241 1628 2315 1656 vos
2338 1616 2428 1666 quis
2455 1615 2557 1654 alins
2590 1615 2819 1664 imperator,

1729 1677 1832 1716 quae
1860 1671 1994 1707 castra
2020 1667 2102 1706 alia
2128 1667 2356 1719 excipient?

1678 1718 1728 1757 Η.
1759 1721 1795 1766 1,
1822 1721 1845 1758 2
1875 1720 1943 1758 alii
1972 1719 2211 1770 sacerdotia,
2237 1720 2539 1770 procurationes
2566 1717 2649 1756 alii.

1677 1769 1726 1808 A.
1757 1772 1817 1821 15,
1845 1773 1891 1810 71
1920 1771 2023 1810 alius
2050 1771 2144 1820 filio,
2184 1771 2308 1810 fratre
2354 1772 2458 1810 alius
2490 1774 2560 1808 aut
2596 1768 2820 1819 propinquo

1731 1824 1802 1860 aut
1818 1821 1947 1860 amico
1966 1822 2199 1861 interfectis.

1678 1870 1727 1910 A.
1757 1874 1817 1922 14,
1844 1874 1896 1912 40
1922 1873 2093 1923 insignia
2122 1873 2287 1923 scelera,
2305 1873 2474 1912 alterum
2502 1871 2711 1921 senatoris,
2741 1883 2819 1911 ser·

1728 1923 1799 1961 vili
1825 1924 1995 1963 alterum
2022 1924 2207 1964 audacia.

1678 1972 1727 2013 A.
1754 1976 1791 2024 4,
1820 1977 1869 2015 62
1896 1976 1962 2015 hic
1988 1975 2167 2027 fratrem,
2202 1977 2468 2027 propinquum
2501 1975 2582 2025 ille,
2615 1974 2718 2014 alius
2751 1986 2819 2025 pa·

1730 2030 1864 2066 rentes
1890 2027 2112 2066 lamentari.

1679 2076 1758 2167 Ag(i
1794 2080 1859 2118 13-
1876 2082 1958 2118 tres
1994 2078 2239 2118 Batavorum
2273 2078 2456 2119 cohortes
2493 2090 2542 2117 ac
2570 2077 2821 2127 Tungrorum

1760 2140 1845 2170 uas.

1783 2181 1847 2232 (A.
1871 2184 1931 2232 14,
1959 2184 2009 2221 26
2036 2180 2064 2220 f.
2092 2185 2175 2221 tres
2201 2182 2398 2221 sociorum
2426 2181 2612 2221 cohortes
2640 2179 2821 2230 duaeque

1679 2233 2133 2335 Α.ο<1121,ι“1ω11ἔέ8ξ11ἒ1ᾱο,
2160 2284 2279 2324 modo
2307 2285 2413 2344 illuc.
2620 2335 2627 2342 ι

1579 2337 1639 2373 11.
1681 2334 1923 2375 detrectaret
1948 2339 2089 2385 poetas
2116 2339 2237 2385 atque
2266 2347 2481 2374 carminum
2523 2335 2697 2373 studium
2731 2345 2819 2384 pro—

1682 2389 1890 2426 sterneret.

1577 2439 1639 2475 22.
1679 2437 1738 2475 sic
1776 2438 1998 2489 exprimitis
2036 2437 2250 2488 adfectum,
2280 2438 2340 2477 sic
2372 2437 2598 2477 libertatem
2626 2439 2819 2486 tempera-

1679 2488 1745 2527 tis.

1580 2542 1640 2579 10.
1667 2542 1838 2588 probata
1866 2542 1918 2580 sit
1945 2541 2045 2579 fides
2073 2544 2113 2579 et
2139 2541 2307 2579 libertas
2333 2543 2539 2579 excusata.

1680 2590 1728 2631 G.
1758 2594 1805 2632 13
1839 2595 2079 2642 expetuntur
2116 2591 2386 2641 legationibus
2419 2595 2460 2631 et
2499 2589 2727 2630 muneribus
2759 2601 2819 2628 or—

1731 2647 1889 2682 uantur.

1678 2693 1726 2732 A.
1753 2697 1791 2745 2,
1819 2697 1868 2734 78
1897 2694 2119 2733 desertores
2145 2716 2196 2722 —
2223 2693 2437 2743 componit,
2450 2696 2580 2732 armat
2599 2692 2715 2731 lixas.
2741 2691 2819 2741 Ag.

1734 2749 1786 2786 30
1811 2746 1838 2784 f.
1867 2749 2078 2795 postquam
2105 2767 2156 2773 —
2183 2745 2343 2784 defuere
2370 2748 2515 2794 terrae,
2529 2748 2569 2783 et
2594 2755 2703 2783 mare
2729 2755 2819 2793 per-

1731 2799 1971 2837 scrutantur.

1578 2847 1641 2886 37.
1680 2848 1821 2887 melius
1847 2845 1925 2886 frui
1951 2859 2072 2907 pace,
2101 2860 2219 2897 quam
2248 2848 2354 2886 bello
2382 2847 2533 2885 vexari.

1580 2900 1640 2939 10.
1681 2898 1884 2939 oblectare
1911 2901 2033 2938 otium
2061 2901 2101 2939 et
2127 2911 2269 2939 nomen
2295 2902 2466 2939 inserere
2493 2896 2520 2937 f.
2646 2933 2649 2937 ,

1681 2950 1731 2990 Η.
1759 2953 1797 3002 2,
1833 2952 1880 2990 31
1919 2948 1947 2989 f.
1983 2949 2088 2989 trahi
2128 2950 2275 2990 bellum
2315 2962 2367 2989 an
2406 2948 2605 2989 fortunam
2644 2947 2818 2998 experiri

1731 3004 1922 3102 placeijet.
1974 3002 2042 3052 (H.
2067 3004 2104 3052 2,
2135 3005 2181 3041 12
2208 3002 2236 3040 f.
2265 3002 2480 3041 securitate
2515 3001 2628 3051 pacis
2655 3003 2695 3037 et
2722 2998 2827 3037 belli·

1733 3054 1850 3091 malo.

1680 3104 1768 3154 Ag.
1787 3106 1835 3145 12
1862 3103 1890 3143 f.
1918 3103 2074 3144 facilius
2106 3104 2341 3144 crediderim
2374 3107 2557 3143 naturam
2590 3100 2819 3151 margaritis

1734 3155 1874 3194 deesse
1902 3168 2019 3205 quam
2046 3156 2162 3196 nobis
2189 3156 2412 3196 avaritiam.

1578 3209 1640 3248 37.
1680 3206 1868 3257 expilatis
1894 3207 2014 3247 sociis
2041 3211 2083 3247 et
2107 3207 2264 3247 civibus
2290 3205 2515 3247 trucidatis.

1603 3263 1642 3297 9.
1679 3258 1899 3296 deserenda
1927 3259 2067 3308 officia,
2095 3259 2136 3296 in
2162 3270 2324 3297 nemora
2349 3280 2400 3286 —-
2429 3254 2689 3294 recedendum
2715 3259 2790 3293 est.

1575 3311 1637 3350 30.
1675 3305 1749 3349 nec
1776 3308 1816 3348 in
1843 3309 2073 3350 auctoribus
2100 3308 2389 3360 cognoscendis
2427 3317 2501 3345 nec
2533 3305 2572 3344 in
2596 3304 2815 3344 evolvenda

1678 3360 1929 3411 antiquitate.
