3147 3774
1440 127 1735 171 -34-

309 258 371 296 10.
411 257 452 294 in
479 255 607 294 forum
633 259 674 292 et
699 254 753 293 ad
781 264 925 292 causas
953 257 994 292 et
1020 252 1074 291 ad
1101 264 1198 292 vera
1224 253 1390 303 proelia.

413 307 490 356 Ag.
518 307 568 345 25
593 304 719 355 pedes
745 314 950 355 equesque
977 306 1018 343 et
1044 305 1231 343 nauticus
1256 304 1384 343 miles.

412 357 463 398 H.
490 358 527 406 5,
557 357 604 396 17
632 355 910 406 captivitatem
937 355 1174 406 clademque
1212 358 1252 395 et
1287 355 1374 394 dira
1401 355 1546 395 omnia.

411 409 460 448 A.
488 411 548 456 11,
578 409 627 446 18
651 407 679 445 f.
720 407 928 457 stationes,
956 407 1134 457 vigiliae,
1169 408 1309 446 diurna
1336 410 1546 445 nocturna-

461 469 539 507 que
564 470 712 496 munia.

307 514 367 551 11.
406 508 619 548 comitatus
645 508 746 549 istos
774 512 814 549 et
841 520 1028 559 egressus
1054 511 1126 548 aut
1152 481 1416 559 frequentiam
1445 509 1548 549 salu·

458 560 668 599 tationum.

407 609 485 660 Ag.
514 612 571 671 21.
602 611 781 661 porticus
820 613 860 650 et
899 611 1043 650 balnea
1084 614 1125 650 et
1164 611 1436 650 conviviorum
1471 612 1548 650 ele-

407 665 780 762 H.g}?t3zmstupra
819 717 860 775 et
898 713 1202 752 comissationes
1241 718 1281 753 et
1315 713 1550 753 feminarum

408 767 610 875 Hegfftssg·
630 814 657 854 f.
698 815 857 867 popinis
886 820 927 856 et
959 816 1311 856 comissationibus
1339 821 1380 856 et
1406 817 1550 868 princi·

459 878 524 917 pis
550 867 786 907 imitatione.

406 918 458 958 H.
485 921 523 969 4,
541 921 600 979 22
629 919 657 958 f.
696 919 836 969 virgas
875 923 917 960 et
956 932 1118 961 secures
1151 923 1192 959 et
1219 920 1465 960 dominorum
1495 921 1549 959 in-

407 981 592 1084 Ηέἓῗῗέ.
617 1022 724 1061 circo
764 1035 923 1073 quoque
961 1035 1010 1062 ac
1042 1022 1212 1062 theatris
1241 1026 1281 1061 et
1307 1022 1550 1061 amoenitate

411 1074 610 1213 ligatus&
664 1125 848 1165 domibus
892 1129 933 1164 et
977 1125 1095 1164 tectis
1134 1128 1176 1163 et
1215 1127 1409 1173 congestu
1449 1123 1546 1173 lapi-

409 1226 459 1265 H.
488 1188 604 1277 :¹3¹,mti3
643 1216 812 1265 salutem
851 1229 892 1265 et
929 1226 1139 1277 pecuniam
1179 1229 1220 1265 et
1248 1228 1403 1265 secreta
1433 1225 1545 1265 Cam-

407 1289 617 1389 HPRUssg·
638 1328 848 1389 pecuniam
888 1332 929 1368 et
965 1328 1156 1368 familiam
1196 1333 1236 1368 et
1262 1329 1405 1367 beatos
1434 1326 1546 1366 Cam-

456 1390 602 1430 pamae
630 1391 752 1419 sinus.

405 1431 457 1469 H.
485 1434 522 1481 4,
550 1434 601 1470 44
629 1433 768 1471 dolore
794 1432 934 1481 iraque
961 1436 1002 1471 et
1029 1433 1204 1481 priorum
1231 1436 1453 1481 temporum
1479 1441 1546 1468 ne-

458 1483 730 1522 cessitatibus.

302 1535 363 1574 13.
402 1546 427 1573 a
455 1534 792 1575 sollicitudinibus
831 1537 871 1574 et
899 1534 1003 1574 curis
1031 1538 1071 1575 et
1097 1536 1339 1574 necessitate
1368 1533 1546 1584 quotidie

405 1586 561 1636 aliquid
589 1590 730 1625 contra
756 1587 930 1625 animum
956 1587 1145 1626 faciendi.
1492 1613 1496 1616 .

328 1639 365 1676 9.
405 1640 478 1698 aut
516 1637 734 1677 amicitiam
764 1659 812 1665 —-
838 1641 908 1677 aut
947 1638 1173 1678 clleutelam
1210 1641 1281 1677 aut
1318 1647 1505 1676 mansuru

407 1701 448 1728 m
475 1690 608 1728 auimo
637 1690 868 1740 cuiusquam
897 1689 1146 1730 beneficium.

329 1742 367 1779 6.
406 1743 563 1779 veteres
591 1744 631 1779 et
659 1752 775 1780 senes
804 1744 844 1779 et
870 1741 995 1780 totius
1024 1742 1134 1781 orbis
1167 1741 1300 1790 gratia
1340 1740 1545 1779 subnixos.

327 1794 365 1831 2.
406 1791 564 1831 fabulas
592 1804 751 1842 quoque
779 1804 915 1831 eorum
943 1795 983 1832 et
1011 1792 1303 1844 disputationes
1331 1794 1371 1831 et
1396 1803 1546 1830 arcana

405 1848 581 1882 semotae
610 1843 809 1882 dictionis.

403 1894 481 1943 Ag.
512 1896 561 1934 13
601 1894 799 1933 delectum
837 1906 887 1933 ac
927 1894 1079 1934 tributa
1113 1898 1154 1934 et
1185 1893 1363 1933 iniuncta
1390 1892 1547 1944 imperii

400 1956 766 2057 Aglinsstnleliiriigorem
794 1999 835 2036 et
862 1998 1129 2038 constantiam
1158 2000 1199 2037 et
1225 1996 1432 2046 expertum
1451 1995 1548 2035 belli

403 2060 704 2139 Goagglmgxgsem
732 2110 953 2150 manusque
981 2101 1114 2149 gentis
1141 2103 1182 2139 et
1208 2103 1290 2139 tam
1310 2098 1446 2149 magni
1466 2097 1546 2136 exi-

402 2154 519 2253 utas:
546 2151 814 2242 fligessxdnitma
842 2205 884 2241 et
910 2201 1071 2253 fulgura
1112 2205 1153 2241 et
1192 2202 1388 2241 caelestes
1414 2201 1547 2240 minae

453 2256 558 2292 ultra
587 2254 759 2292 solitum.

400 2304 518 2394 H.d4,
547 2307 597 2345 73
624 2304 651 2343 f.
680 2304 805 2344 libido
833 2307 957 2355 atque
986 2304 1161 2344 avaritia
1190 2307 1230 2343 et
1247 2304 1462 2343 mutandae
1483 2315 1540 2343 se·

399 2408 450 2446 H.
477 2368 516 2456 4⁸,
539 2367 665 2447 ἳξῗοίξ·
678 2407 876 2447 servirent
906 2407 1024 2458 Syria
1043 2407 1222 2458 Asiaque
1250 2410 1291 2446 et
1317 2410 1455 2446 suetus
1482 2417 1542 2445 re-

454 2460 572 2509 gibus
600 2459 755 2499 Oriens.

402 2511 452 2550 H.
481 2513 519 2561 4,
548 2513 598 2551 58
625 2523 745 2561 super
771 2523 882 2551 arma
910 2514 951 2550 et
979 2511 1089 2551 viros
1123 2513 1163 2551 et
1197 2510 1362 2561 egregia
1391 2513 1541 2549 castro-

451 2574 539 2602 rum
566 2563 823 2602 munimenta.

398 2616 450 2654 Η.
478 2619 516 2665 3,
546 2618 596 2654 41
636 2615 699 2653 vis
733 2619 774 2653 et
806 2614 976 2663 pecunia
1004 2618 1045 2654 et
1072 2615 1223 2653 ruentis
1250 2614 1433 2653 fortunae
1472 2626 1539 2652 no-

451 2667 618 2707 vissima
645 2663 786 2706 libido.

398 2719 448 2756 H.
477 2721 514 2770 3,
542 2720 594 2758 25
621 2718 856 2757 miraculum
883 2720 924 2755 et
952 2721 1116 2767 questus
1144 2720 1184 2755 et
1202 2717 1424 2756 saevissimi
1444 2718 1539 2756 belli

452 2770 692 2810 exsecratio.

397 2821 447 2860 H.
475 2824 512 2872 4,
540 2823 590 2862 32
618 2833 669 2861 m.
698 2832 836 2861 necem
864 2819 1002 2860 fratris
1029 2823 1070 2859 et
1096 2819 1257 2860 vincula
1284 2832 1372 2860 mea
1394 2823 1434 2861 et
1453 2830 1537 2860 sae-

449 2874 634 2912 vissimas
662 2873 779 2912 huius
807 2872 1009 2912 exercitus
1035 2884 1170 2911 voces.

397 2923 448 2961 H.
476 2928 513 2974 3,
542 2927 592 2964 68
618 2925 863 2974 fratremque
890 2928 932 2963 et
960 2923 1170 2972 coniugem
1198 2927 1238 2962 et
1266 2924 1466 2962 innoxiam
1493 2923 1536 2961 li·

450 2975 632 3014 berorum
660 2978 847 3014 aetatem.

350 3077 355 3081 .
394 3025 443 3063 A.
472 3029 510 3087 2,
541 3029 590 3065 14
616 3027 698 3076 pila
726 3030 767 3065 et
793 3026 951 3075 gladios
979 3029 1018 3065 et
1045 3025 1254 3064 haerentia
1275 3026 1430 3076 corpori
1450 3029 1533 3075 teg-

394 3091 588 3179 A.ml¹f¹›¹,83
616 3128 644 3168 f.
679 3127 831 3167 tributa
858 3141 907 3168 ac
933 3129 1046 3178 leges
1074 3131 1115 3167 et
1154 3140 1226 3178 pro
1261 3129 1402 3169 umbra
1428 3130 1537 3180 regis

446 3182 668 3221 Romanum
696 3180 770 3219 ius.

290 3236 352 3274 30.
392 3233 568 3273 infinitus
595 3234 713 3273 labor
740 3236 781 3272 et
809 3232 1046 3284 quotidiana
1072 3231 1282 3271 meditatio
1310 3237 1350 3272 et
1377 3234 1415 3272 in
1431 3234 1536 3273 omni

392 3297 540 3336 genere
567 3286 787 3326 studiorum
814 3284 1011 3325 adsiduae
1040 3283 1365 3326 exercitationes.

395 3338 443 3378 G.
458 3340 510 3378 33
536 3349 607 3377 seu
635 3337 847 3388 superbiae
875 3336 981 3383 odio,
1010 3348 1081 3375 seu
1107 3336 1285 3386 praedae
1313 3337 1535 3389 dulcedine,

445 3401 516 3430 seu
543 3388 682 3428 favore
709 3388 882 3438 quodam
911 3399 1008 3438 erga
1037 3399 1111 3427 nos
1139 3386 1316 3428 deorum.

1623 563 1683 599 10.

1620 1080 1683 1117 39.

1621 1597 1681 1634 18.

1621 1648 1680 1686 18.

1621 1700 1681 1738 18.

1619 2059 1683 2097 28.

1614 2468 1676 2506 37.

1614 2520 1677 2558 31.

1608 3186 1674 3224 25.

1608 3342 1670 3380 18.

1723 255 1771 293 G.
1791 255 1817 294 8
1838 256 2064 294 constantia
2077 267 2240 306 precum
2252 262 2294 296 et
2306 258 2465 297 obiectu
2478 261 2685 307 pectorum
2699 260 2739 295 et
2751 267 2858 294 mou-

1775 308 1904 344 strata
1932 307 2110 345 cominus
2137 307 2387 357 captivitate.

1723 358 1773 398 H.
1805 360 1839 408 1,
1867 358 1919 397 84
1944 356 1972 396 f.
2011 357 2230 398 aeternitas
2268 370 2399 399 rerum
2439 363 2480 401 et
2505 371 2585 411 pax
2613 357 2790 409 gentium
2818 361 2859 397 et

1773 420 1863 447 mea
1890 419 1978 446 cum
2005 413 2142 448 vestra
2170 410 2292 448 salus.

1722 463 1794 499 aut
1820 471 1938 497 cursu
1963 463 2300 509 argumentorum,
2329 465 2400 500 aut
2413 462 2547 500 colore
2560 459 2858 507 sententiarum,

1724 514 1794 551 aut
1819 509 1949 549 nitore
1970 513 2011 550 et
2037 511 2145 550 cultu
2174 510 2498 561 descriptionum.

1722 561 2016 601 necessitudine
2043 561 2164 600 officii
2191 565 2262 600 aut
2288 562 2368 600 fide
2393 562 2673 601 advocationis
2699 565 2769 600 aut
2780 560 2857 599 for-

1722 614 1847 653 tuitae
1876 615 1917 651 et
1944 613 2102 652 subitae
2130 612 2316 652 dictionis
2344 612 2507 662 impetu.

1725 665 1773 705 G.
1800 666 1824 704 2
1851 675 1902 702 m.
1930 663 2138 702 informem
2164 663 2294 714 terris,
2333 674 2516 714 asperam
2550 664 2675 713 caelo,
2703 663 2857 702 tristem

1776 716 1886 754 cultu
1912 715 2198 764 adspectuque.

1724 767 1772 807 A.
1800 769 1838 817 4,
1864 768 1914 806 46
1941 765 1969 805 f.
2008 765 2153 805 ferrum
2192 767 2233 804 et
2270 765 2514 805 iuventutem
2553 767 2594 804 et
2631 767 2857 815 promptum

1776 818 1952 858 libertati
1979 821 2050 857 aut
2076 817 2129 856 ad
2155 820 2322 856 mortem
2349 817 2535 855 animum.

1725 872 1775 910 H.
1804 873 1841 922 3,
1870 873 1916 910 17
1944 869 1970 909 f.
1999 870 2184 920 spoliare,
2213 880 2369 920 capere,
2407 880 2530 919 arma,
2546 879 2750 918 equosque
2789 868 2857 906 ab·

1776 923 1919 972 ripere.
1948 922 1998 962 H.
2026 924 2064 972 2,
2091 923 2141 961 56
2169 921 2353 971 spoliare,
2381 931 2535 970 rapere,
2571 919 2612 957 vi
2640 922 2682 959 et
2709 920 2858 968 stupris

1777 974 1968 1024 polluere.
2019 974 2068 1011 A.
2098 974 2158 1022 13,
2187 974 2211 1012 3
2238 972 2265 1011 f.
2301 972 2469 1021 caelare,
2507 971 2686 1020 pingere,
2716 974 2858 1009 cantus

1775 1028 1846 1064 aut
1872 1024 2049 1075 regimen
2076 1035 2266 1074 equorum
2293 1035 2489 1062 exercere.

1723 1076 1932 1116 clientelae
1959 1086 2117 1126 quoque
2143 1086 2192 1114 ac
2218 1074 2346 1114 tribus
2373 1077 2414 1113 et
2423 1072 2723 1123 municipiorum
2736 1071 2856 1112 etiam

1723 1126 1947 1177 legationes
1973 1137 2023 1165 ae
2049 1138 2144 1176 pars
2170 1126 2325 1165 Italiae.
2427 1142 2429 1145 ·

1722 1180 1787 1219 vel
1813 1177 1867 1217 ad
1894 1177 2107 1216 utilitatem
2134 1176 2386 1226 fructuosius,
2425 1177 2490 1215 vel
2528 1175 2582 1215 ad
2621 1175 2857 1224 dignitatem

1723 1228 1906 1280 amplius,
1938 1228 2005 1267 vel
2036 1227 2090 1266 ad
2127 1227 2238 1267 urbis
2272 1226 2419 1267 famam
2445 1226 2674 1278 pulchrius,
2712 1226 2777 1265 vel
2803 1225 2857 1265 ad

1723 1282 1847 1320 totius
1884 1278 2039 1329 imperii
2075 1282 2199 1329 atque
2237 1279 2410 1317 omnium
2454 1278 2631 1327 gentium
2671 1276 2856 1316 notitiam

1722 1331 1939 1372 inlustrius.

1723 1386 1773 1425 H.
1801 1386 1839 1434 2,
1868 1384 1917 1423 76
1955 1392 2035 1420 nou
2062 1380 2257 1420 adversus
2290 1380 2373 1419 divi
2411 1380 2584 1431 Augusti
2621 1380 2857 1418 acerrimum

1771 1437 1956 1483 mentem,
1995 1444 2069 1471 nec
2095 1432 2290 1471 adversus
2318 1433 2589 1471 cautissimam
2617 1432 2770 1470 Tiberii
2798 1443 2856 1469 se—

1771 1487 1985 1534 nectutem,
2022 1495 2073 1523 ne
2113 1486 2251 1523 contra
2287 1483 2363 1523 Gai
2397 1483 2556 1534 quidem
2595 1485 2666 1522 aut
2699 1481 2857 1521 Claudii

1771 1539 1836 1580 vel
1863 1535 2037 1577 Neronis
2063 1534 2271 1575 fundatam
2297 1535 2418 1585 longo
2445 1534 2610 1585 imperio
2639 1534 2810 1574 domum.

1720 1593 1853 1632 mitior
1880 1593 1920 1628 et
1947 1587 2101 1626 duleior
2127 1590 2168 1625 ct
2196 1587 2236 1626 in
2254 1587 2391 1626 verbis
2406 1586 2537 1637 magis
2559 1586 2805 1625 elaboratus.

1720 1644 1881 1685 inflatus
1909 1642 1950 1679 et
1978 1641 2133 1678 tumens
2159 1648 2234 1677 nec
2261 1638 2361 1677 satis
2387 1648 2561 1689 pressus.

1723 1708 1844 1746 supra
1871 1691 2029 1732 modum
2058 1691 2265 1729 exsultans
2292 1694 2333 1729 et
2360 1690 2609 1741 superfluens
2648 1692 2689 1727 et
2714 1699 2855 1738 parum

1721 1747 1805 1787 anti
1836 1756 1922 1784 uus.

1718 1799 1795 1850 Ag.
1807 1760 1848 1838 q9
1875 1805 2015 1836 sccura
2042 1795 2084 1832 et
2111 1792 2292 1832 obtusior
2318 1795 2359 1832 et
2384 1793 2500 1843 plura
2526 1803 2646 1831 manu
2672 1802 2812 1840 agens.

1720 1852 1796 1900 Ag,
1825 1853 1872 1888 21
1904 1846 2074 1894 dispersi
2099 1857 2150 1883 ac
2175 1844 2296 1883 rudes
2322 1856 2449 1893 eoque
2475 1844 2516 1882 in
2544 1843 2652 1881 bella
2679 1841 2830 1881 faciles.

1721 1902 1769 1942 G.
1800 1903 1847 1941 12
1873 1899 2043 1948 ignavos
2070 1897 2111 1934 et
2138 1894 2320 1934 imbelles
2348 1898 2387 1933 et
2416 1905 2581 1945 corpore
2608 1892 2790 1932 infames.

1723 1954 1773 1992 H.
1800 1954 1838 2001 2,
1866 1952 1917 1991 29
1944 1946 2133 1985 deformis
2160 1950 2200 1984 et
2226 1946 2326 1984 flens
2353 1949 2394 1984 et
2419 1949 2581 1995 praeter
2607 1955 2719 1994 spem
2750 1944 2855 1981 inco-

1724 2004 1965 2106 siriggas'et
1995 2048 2153 2098 integra
2180 2051 2221 2088 et
2251 2049 2372 2088 nullis
2398 2046 2668 2098 pravitatibus
2697 2046 2857 2087 detorta

1722 2129 1775 2197 Ῑῖ
1799 2109 2122 2206 ἓῗιὲῗὲίηοεωε
2149 2154 2189 2190 et
2216 2152 2373 2200 integer
2400 2154 2440 2190 et
2467 2149 2672 2190 servitutis
2707 2147 2857 2188 oblitus

1721 2207 2053 2307 G.pgpgaegffim
2082 2256 2122 2291 et
2149 2254 2344 2291 sinceram
2372 2257 2412 2291 et
2434 2257 2589 2291 tantum
2609 2253 2670 2290 sui
2689 2250 2857 2289 similem

1768 2312 1946 2359 gentem.

1717 2363 1767 2402 H.
1794 2363 1831 2410 3,
1861 2361 1911 2399 39
1939 2356 1965 2396 f·
1997 2358 2173 2404 sanctus,
2213 2353 2452 2403 inturbidus,
2480 2353 2628 2393 nullius
2655 2351 2852 2402 repentini

1715 2412 2126 2505 altilgifueltlsexcelsior
2153 2462 2194 2498 et
2213 2457 2293 2498 illis
2311 2457 2524 2497 nobilitata
2545 2455 2854 2496 discriminibus.

1716 2516 1805 2557 fusa
1833 2518 1873 2555 et
1899 2511 2125 2563 aequabilis
2153 2514 2193 2550 et
2220 2522 2270 2550 ex
2298 2509 2571 2550 communibus
2605 2507 2727 2548 ducta
2767 2517 2853 2547 sen—

1716 2567 1953 2659 {ffslii-ictum
1992 2619 2032 2655 et
2071 2616 2293 2654 conlectum
2332 2616 2373 2652 et
2411 2613 2570 2663 singula
2598 2611 2734 2652 statim
2763 2623 2851 2650 con-

1716 2670 1893 2711 eludens.

1712 2722 1877 2774 pulchre
1905 2722 1947 2758 et
1974 2721 2113 2757 ornate
2141 2721 2182 2756 et
2209 2718 2262 2756 ad
2289 2716 2610 2767 persuadendum
2637 2718 2746 2765 apte.

1713 2775 1790 2823 Ag.
1819 2776 1866 2814 31
1897 2771 2041 2820 integri
2069 2773 2109 2809 et
2136 2769 2317 2809 indomiti
2355 2771 2396 2808 et
2422 2768 2462 2807 in
2490 2768 2733 2816 libertatem,
2773 2776 2853 2804 non

1765 2825 1805 2864 in
1831 2821 2119 2875 paenitentiam
2152 2819 2340 2860 bellaturi
2367 2819 2435 2872 (ex
2462 2830 2552 2858 mea
2580 2818 2696 2868 coni.,
2725 2816 2853 2857 codd.

1766 2875 1887 2915 laturi
1907 2903 1917 2913 .

1714 2930 1764 2967 H.
1792 2931 1830 2976 4,
1859 2873 1937 2965 2)f.
1966 2924 2103 2962 tristes
2129 2928 2170 2963 et
2196 2927 2329 2963 truces
2369 2926 2410 2961 et
2442 2922 2657 2961 adversum
2684 2920 2850 2970 plausus

1765 2989 1814 3018 ac
1840 2974 2048 3016 lasciviam
2076 2974 2303 3014 insultantis
2330 2973 2442 3024 vulgi
2469 2972 2705 3012 immobiles.
2824 3021 2834 3029 ⁶

1714 3030 1763 3069 H.
1793 3031 1830 3078 2,
1859 3030 1909 3068 68
1948 3026 2079 3064 omnia
2117 3025 2369 3075 indisposita,
2408 3025 2639 3072 temulenta,
2679 3021 2850 3071 pervigi-

1766 3080 1831 3119 liis
1857 3092 1906 3119 ac
1934 3076 2248 3119 bacchanalibus
2286 3089 2405 3127 quam
2434 3075 2670 3125 disciplinae
2709 3075 2750 3111 et
2788 3084 2851 3111 ca—

1768 3131 1862 3171 stris
1888 3128 2108 3181 propriora.

1714 3182 1945 3223 adstrictior
1984 3179 2146 3230 Calvus,
2181 3178 2428 3220 numerosior
2465 3175 2642 3225 Asinius,
2679 3174 2850 3226 splendi-

1713 3236 1801 3275 dior
1828 3234 1990 3283 Caesar,
2030 3233 2194 3283 gravior
2218 3233 2380 3282 Brutus,
2403 3227 2677 3268 vehementior
2704 3231 2744 3266 et
2769 3228 2850 3277 ple-

1711 3287 1799 3327 nior
1826 3290 1865 3327 et
1892 3284 2092 3327 valentior
2119 3284 2271 3325 Cicero.

1713 3340 1773 3379 sic
1802 3339 1945 3379 Catoni
1973 3336 2057 3378 seni
2085 3338 2340 3386 comparatus
2381 3333 2425 3372 O.
2461 3330 2665 3371 Gracchus
2695 3330 2852 3381 plenior

1711 3394 1751 3430 et
1778 3390 1951 3441 uberior,
1981 3388 2038 3429 sic
2054 3387 2238 3428 Graccho
2251 3385 2414 3436 politior
2425 3386 2464 3423 et
2478 3383 2654 3424 ornatior
2667 3382 2850 3431 Crassus,
