<?xml version="1.0" encoding="UTF-8"?>
<!DOCTYPE html PUBLIC "-//W3C//DTD XHTML 1.0 Transitional//EN"
    "http://www.w3.org/TR/xhtml1/DTD/xhtml1-transitional.dtd">
<html xmlns="http://www.w3.org/1999/xhtml" xml:lang="en" lang="en">
 <head>
  <title>
</title>
<meta http-equiv="Content-Type" content="text/html;charset=utf-8" />
  <meta name='ocr-system' content='tesseract 3.04.00' />
  <meta name='ocr-capabilities' content='ocr_page ocr_carea ocr_par ocr_line ocrx_word'/>
</head>
<body>
  <div class='ocr_page' id='page_1' title='image "4763749_0015.png"; bbox 0 0 3147 3836; ppageno 0'>
   <div class='ocr_carea' id='block_1_1' title="bbox 1406 107 1671 151">
    <p class='ocr_par' dir='ltr' id='par_1_1' title="bbox 1406 107 1671 151">
     <span class='ocr_line' id='line_1_1' title="bbox 1406 107 1671 151; baseline 0.004 -13"><span class='ocrx_word' id='word_1_1' title='bbox 1406 107 1671 151; x_wconf 63' lang='lat'><strong>..⁴—7—</strong></span> 
     </span>
    </p>
   </div>
   <div class='ocr_carea' id='block_1_2' title="bbox 259 232 2834 3403">
    <p class='ocr_par' dir='ltr' id='par_1_2' title="bbox 259 232 2826 409">
     <span class='ocr_line' id='line_1_2' title="bbox 261 232 2826 296; baseline -0.004 -12"><span class='ocrx_word' id='word_1_2' title='bbox 261 252 345 296; x_wconf 86' lang='lat' dir='ltr'><strong>que</strong></span> <span class='ocrx_word' id='word_1_3' title='bbox 375 238 612 293; x_wconf 84' lang='lat' dir='ltr'><strong>rhetoricis,</strong></span> <span class='ocrx_word' id='word_1_4' title='bbox 634 236 713 282; x_wconf 88' lang='lat' dir='ltr'><strong>sed</strong></span> <span class='ocrx_word' id='word_1_5' title='bbox 743 237 874 281; x_wconf 88' lang='lat' dir='ltr'><strong>etiam</strong></span> <span class='ocrx_word' id='word_1_6' title='bbox 903 236 949 280; x_wconf 91' lang='lat' dir='ltr'><strong>in</strong></span> <span class='ocrx_word' id='word_1_7' title='bbox 979 249 1060 280; x_wconf 91' lang='lat' dir='ltr'><strong>usu</strong></span> <span class='ocrx_word' id='word_1_8' title='bbox 1089 236 1450 280; x_wconf 78' lang='lat' dir='ltr'><strong>constructionum</strong></span> <span class='ocrx_word' id='word_1_9' title='bbox 1480 241 1524 279; x_wconf 87' lang='lat' dir='ltr'><strong>et</strong></span> <span class='ocrx_word' id='word_1_10' title='bbox 1553 236 1765 295; x_wconf 85' lang='lat' dir='ltr'><strong>varietate</strong></span> <span class='ocrx_word' id='word_1_11' title='bbox 1795 236 2001 280; x_wconf 86' lang='lat' dir='ltr'><strong>sermonis</strong></span> <span class='ocrx_word' id='word_1_12' title='bbox 2031 241 2075 279; x_wconf 91' lang='lat' dir='ltr'><strong>et</strong></span> <span class='ocrx_word' id='word_1_13' title='bbox 2096 235 2266 279; x_wconf 89' lang='lat' dir='ltr'><strong>delectu</strong></span> <span class='ocrx_word' id='word_1_14' title='bbox 2287 235 2515 279; x_wconf 82' lang='lat' dir='ltr'><strong>verborum</strong></span> <span class='ocrx_word' id='word_1_15' title='bbox 2539 232 2826 286; x_wconf 51' lang='lat' dir='ltr'><strong>giincamenta</strong></span> 
     </span>
     <span class='ocr_line' id='line_1_3' title="bbox 261 290 2825 354; baseline -0.004 -13"><span class='ocrx_word' id='word_1_16' title='bbox 261 296 476 354; x_wconf 84' lang='lat' dir='ltr'><strong>quaedam</strong></span> <span class='ocrx_word' id='word_1_17' title='bbox 505 302 549 340; x_wconf 91' lang='lat' dir='ltr'><strong>et</strong></span> <span class='ocrx_word' id='word_1_18' title='bbox 579 296 767 351; x_wconf 89' lang='lat' dir='ltr'><strong>vestigia</strong></span> <span class='ocrx_word' id='word_1_19' title='bbox 797 295 1010 353; x_wconf 81' lang='lat' dir='ltr'>adparere</span> <span class='ocrx_word' id='word_1_20' title='bbox 1042 294 1234 338; x_wconf 88' lang='lat' dir='ltr'><strong>eiusdem</strong></span> <span class='ocrx_word' id='word_1_21' title='bbox 1263 295 1349 338; x_wconf 87' lang='lat' dir='ltr'><strong>viri</strong></span> <span class='ocrx_word' id='word_1_22' title='bbox 1375 300 1418 337; x_wconf 88' lang='lat' dir='ltr'><strong>ct</strong></span> <span class='ocrx_word' id='word_1_23' title='bbox 1447 294 1618 338; x_wconf 88' lang='lat' dir='ltr'><strong>vultus“</strong></span> <span class='ocrx_word' id='word_1_24' title='bbox 1653 299 1698 337; x_wconf 93' lang='lat' dir='ltr'><strong>et</strong></span> <span class='ocrx_word' id='word_1_25' title='bbox 1729 294 1903 348; x_wconf 88' lang='lat' dir='ltr'><strong>quidem</strong></span> <span class='ocrx_word' id='word_1_26' title='bbox 1933 299 2024 337; x_wconf 89' lang='lat' dir='ltr'><strong>tam</strong></span> <span class='ocrx_word' id='word_1_27' title='bbox 2064 295 2201 336; x_wconf 88' lang='lat' dir='ltr'><strong>multa</strong></span> <span class='ocrx_word' id='word_1_28' title='bbox 2238 300 2285 336; x_wconf 90' lang='lat' dir='ltr'><strong>ut</strong></span> <span class='ocrx_word' id='word_1_29' title='bbox 2316 295 2392 337; x_wconf 90' lang='lat' dir='ltr'><strong>vix</strong></span> <span class='ocrx_word' id='word_1_30' title='bbox 2424 293 2479 336; x_wconf 89' lang='lat' dir='ltr'><strong>de</strong></span> <span class='ocrx_word' id='word_1_31' title='bbox 2511 290 2663 334; x_wconf 75' lang='lat' dir='ltr'><strong>eodem</strong></span> <span class='ocrx_word' id='word_1_32' title='bbox 2675 291 2825 346; x_wconf 52' lang='grc' dir='ltr'><strong>κῆρ-</strong></span> 
     </span>
     <span class='ocr_line' id='line_1_4' title="bbox 259 352 2368 409; baseline -0.002 -9"><span class='ocrx_word' id='word_1_33' title='bbox 259 360 352 401; x_wconf 91' lang='lat' dir='ltr'><strong>tore</strong></span> <span class='ocrx_word' id='word_1_34' title='bbox 382 355 571 400; x_wconf 86' lang='lat' dir='ltr'><strong>dubitari</strong></span> <span class='ocrx_word' id='word_1_35' title='bbox 599 356 740 399; x_wconf 89' lang='lat' dir='ltr'><strong>liceat.</strong></span> <span class='ocrx_word' id='word_1_36' title='bbox 801 355 889 398; x_wconf 89' lang='lat' dir='ltr'><strong>Sed</strong></span> <span class='ocrx_word' id='word_1_37' title='bbox 919 354 1145 397; x_wconf 78' lang='lat' dir='ltr'><strong>redeamus</strong></span> <span class='ocrx_word' id='word_1_38' title='bbox 1176 353 1234 395; x_wconf 88' lang='lat' dir='ltr'><strong>ad</strong></span> <span class='ocrx_word' id='word_1_39' title='bbox 1265 366 1318 396; x_wconf 89' lang='lat' dir='ltr'><strong>ea</strong></span> <span class='ocrx_word' id='word_1_40' title='bbox 1349 365 1461 408; x_wconf 88' lang='lat' dir='ltr'><strong>quae</strong></span> <span class='ocrx_word' id='word_1_41' title='bbox 1489 354 1613 396; x_wconf 91' lang='lat' dir='ltr'><strong>nobis</strong></span> <span class='ocrx_word' id='word_1_42' title='bbox 1643 354 1867 409; x_wconf 90' lang='lat' dir='ltr'><strong>proposita</strong></span> <span class='ocrx_word' id='word_1_43' title='bbox 1895 359 1996 395; x_wconf 90' lang='lat' dir='ltr'><strong>sunt</strong></span> <span class='ocrx_word' id='word_1_44' title='bbox 2025 352 2368 396; x_wconf 86' lang='lat' dir='ltr'><strong>demonstranda.</strong></span> 
     </span>
    </p>

    <p class='ocr_par' dir='ltr' id='par_1_3' title="bbox 259 411 2829 576">
     <span class='ocr_line' id='line_1_5' title="bbox 381 411 2829 470; baseline -0.002 -13"><span class='ocrx_word' id='word_1_45' title='bbox 381 415 444 458; x_wconf 90' lang='lat' dir='ltr'><strong>Ac</strong></span> <span class='ocrx_word' id='word_1_46' title='bbox 471 415 657 470; x_wconf 89' lang='lat' dir='ltr'><strong>primum</strong></span> <span class='ocrx_word' id='word_1_47' title='bbox 688 413 862 469; x_wconf 89' lang='lat' dir='ltr'><strong>quidem</strong></span> <span class='ocrx_word' id='word_1_48' title='bbox 890 412 1094 469; x_wconf 77' lang='lat' dir='ltr'><strong>permulti</strong></span> <span class='ocrx_word' id='word_1_49' title='bbox 1123 411 1316 456; x_wconf 90' lang='lat' dir='ltr'><strong>homines</strong></span> <span class='ocrx_word' id='word_1_50' title='bbox 1347 411 1529 467; x_wconf 82' lang='lat' dir='ltr'><strong>litterati</strong></span> <span class='ocrx_word' id='word_1_51' title='bbox 1559 416 1816 466; x_wconf 88' lang='lat' dir='ltr'><strong>statuerunt,</strong></span> <span class='ocrx_word' id='word_1_52' title='bbox 1849 411 2048 455; x_wconf 86' lang='lat' dir='ltr'><strong>Tacitum</strong></span> <span class='ocrx_word' id='word_1_53' title='bbox 2090 426 2175 456; x_wconf 90' lang='lat' dir='ltr'><strong>non</strong></span> <span class='ocrx_word' id='word_1_54' title='bbox 2225 411 2415 467; x_wconf 84' lang='lat' dir='ltr'><strong>potuisse</strong></span> <span class='ocrx_word' id='word_1_55' title='bbox 2465 411 2530 456; x_wconf 90' lang='lat' dir='ltr'><strong>uti</strong></span> <span class='ocrx_word' id='word_1_56' title='bbox 2575 422 2626 454; x_wconf 92' lang='lat' dir='ltr'><strong>eo</strong></span> <span class='ocrx_word' id='word_1_57' title='bbox 2669 420 2829 464; x_wconf 79' lang='lat' dir='ltr'>genere</span> 
     </span>
     <span class='ocr_line' id='line_1_6' title="bbox 259 467 2828 528; baseline -0.003 -10"><span class='ocrx_word' id='word_1_58' title='bbox 259 472 489 528; x_wconf 83' lang='lat' dir='ltr'><strong>scribendi,</strong></span> <span class='ocrx_word' id='word_1_59' title='bbox 521 472 637 528; x_wconf 88' lang='lat' dir='ltr'><strong>quod</strong></span> <span class='ocrx_word' id='word_1_60' title='bbox 665 472 711 517; x_wconf 93' lang='lat' dir='ltr'><strong>in</strong></span> <span class='ocrx_word' id='word_1_61' title='bbox 741 473 914 528; x_wconf 83' lang='lat' dir='ltr'>dialogo</span> <span class='ocrx_word' id='word_1_62' title='bbox 944 471 1170 528; x_wconf 84' lang='lat' dir='ltr'><strong>reperitur,</strong></span> <span class='ocrx_word' id='word_1_63' title='bbox 1203 484 1231 515; x_wconf 91' lang='lat' dir='ltr'><strong>a</strong></span> <span class='ocrx_word' id='word_1_64' title='bbox 1259 483 1340 516; x_wconf 88' lang='lat' dir='ltr'><strong>sua</strong></span> <span class='ocrx_word' id='word_1_65' title='bbox 1370 476 1464 514; x_wconf 91' lang='lat' dir='ltr'><strong>arte</strong></span> <span class='ocrx_word' id='word_1_66' title='bbox 1495 475 1538 514; x_wconf 94' lang='lat' dir='ltr'><strong>et</strong></span> <span class='ocrx_word' id='word_1_67' title='bbox 1569 470 1762 514; x_wconf 89' lang='lat' dir='ltr'><strong>oratione</strong></span> <span class='ocrx_word' id='word_1_68' title='bbox 1792 476 2018 527; x_wconf 84' lang='lat' dir='ltr'><strong>tantopere</strong></span> <span class='ocrx_word' id='word_1_69' title='bbox 2049 471 2203 514; x_wconf 88' lang='lat' dir='ltr'><strong>alieno.</strong></span> <span class='ocrx_word' id='word_1_70' title='bbox 2265 469 2431 522; x_wconf 83' lang='lat' dir='ltr'><strong>Quibus</strong></span> <span class='ocrx_word' id='word_1_71' title='bbox 2461 471 2591 514; x_wconf 91' lang='lat' dir='ltr'><strong>rebus</strong></span> <span class='ocrx_word' id='word_1_72' title='bbox 2627 468 2673 511; x_wconf 91' lang='lat' dir='ltr'><strong>id</strong></span> <span class='ocrx_word' id='word_1_73' title='bbox 2703 467 2828 511; x_wconf 88' lang='lat' dir='ltr'><strong>nobis</strong></span> 
     </span>
     <span class='ocr_line' id='line_1_7' title="bbox 266 532 581 576; baseline -0.003 0"><span class='ocrx_word' id='word_1_74' title='bbox 266 545 360 576; x_wconf 91' lang='lat' dir='ltr'><strong>com</strong></span> <span class='ocrx_word' id='word_1_75' title='bbox 391 532 545 575; x_wconf 89' lang='lat' dir='ltr'><strong>robant</strong></span> <span class='ocrx_word' id='word_1_76' title='bbox 558 533 581 575; x_wconf 71' lang='grc' dir='ltr'>Ῥ</span> 
     </span>
    </p>

    <p class='ocr_par' dir='ltr' id='par_1_4' title="bbox 360 545 2424 644">
     <span class='ocr_line' id='line_1_8' title="bbox 360 545 2424 644; baseline -0.002 -9"><span class='ocrx_word' id='word_1_77' title='bbox 360 545 540 635; x_wconf 85' lang='lat' dir='ltr'><strong>pVereor</strong></span> <span class='ocrx_word' id='word_1_78' title='bbox 564 591 683 634; x_wconf 64' lang='lat' dir='ltr'><strong>⁴enim</strong></span> <span class='ocrx_word' id='word_1_79' title='bbox 711 602 766 633; x_wconf 90' lang='lat' dir='ltr'><strong>ne</strong></span> <span class='ocrx_word' id='word_1_80' title='bbox 796 603 910 632; x_wconf 93' lang='lat' dir='ltr'><strong>nunc</strong></span> <span class='ocrx_word' id='word_1_81' title='bbox 941 589 1168 644; x_wconf 88' lang='lat' dir='ltr'><strong>quisquam</strong></span> <span class='ocrx_word' id='word_1_82' title='bbox 1198 589 1302 632; x_wconf 90' lang='lat' dir='ltr'><strong>solis</strong></span> <span class='ocrx_word' id='word_1_83' title='bbox 1333 587 1673 632; x_wconf 80' lang='lat' dir='ltr'><strong>doctissimorum</strong></span> <span class='ocrx_word' id='word_1_84' title='bbox 1703 588 1946 632; x_wconf 91' lang='lat' dir='ltr'><strong>nominibus</strong></span> <span class='ocrx_word' id='word_1_85' title='bbox 1977 589 2276 643; x_wconf 90' lang='lat' dir='ltr'><strong>obtemperare</strong></span> <span class='ocrx_word' id='word_1_86' title='bbox 2307 587 2424 631; x_wconf 87' lang='lat' dir='ltr'><strong>velit.</strong></span> 
     </span>
    </p>

    <p class='ocr_par' dir='ltr' id='par_1_5' title="bbox 262 647 2832 1296">
     <span class='ocr_line' id='line_1_9' title="bbox 379 647 2830 706; baseline -0.001 -13"><span class='ocrx_word' id='word_1_87' title='bbox 379 650 605 706; x_wconf 82' lang='lat' dir='ltr'><strong>Dialogus,</strong></span> <span class='ocrx_word' id='word_1_88' title='bbox 637 649 850 704; x_wconf 90' lang='lat' dir='ltr'><strong>inquiunt,</strong></span> <span class='ocrx_word' id='word_1_89' title='bbox 882 648 1040 691; x_wconf 91' lang='lat' dir='ltr'><strong>eminet</strong></span> <span class='ocrx_word' id='word_1_90' title='bbox 1069 647 1259 705; x_wconf 85' lang='lat' dir='ltr'><strong>periodis</strong></span> <span class='ocrx_word' id='word_1_91' title='bbox 1290 647 1348 691; x_wconf 92' lang='lat' dir='ltr'><strong>ad</strong></span> <span class='ocrx_word' id='word_1_92' title='bbox 1377 661 1537 691; x_wconf 91' lang='lat' dir='ltr'><strong>morem</strong></span> <span class='ocrx_word' id='word_1_93' title='bbox 1568 648 1783 692; x_wconf 82' lang='lat' dir='ltr'><strong>Ciceronis</strong></span> <span class='ocrx_word' id='word_1_94' title='bbox 1799 648 2108 702; x_wconf 86' lang='lat' dir='ltr'><strong>.conformatis;</strong></span> <span class='ocrx_word' id='word_1_95' title='bbox 2141 661 2227 690; x_wconf 92' lang='lat' dir='ltr'><strong>non</strong></span> <span class='ocrx_word' id='word_1_96' title='bbox 2256 660 2382 703; x_wconf 90' lang='lat' dir='ltr'><strong>nego,</strong></span> <span class='ocrx_word' id='word_1_97' title='bbox 2419 652 2466 691; x_wconf 94' lang='lat' dir='ltr'><strong>at</strong></span> <span class='ocrx_word' id='word_1_98' title='bbox 2512 649 2557 691; x_wconf 91' lang='lat' dir='ltr'><strong>in</strong></span> <span class='ocrx_word' id='word_1_99' title='bbox 2587 647 2830 693; x_wconf 73' lang='lat' dir='ltr'><strong>Annalibus</strong></span> 
     </span>
     <span class='ocr_line' id='line_1_10' title="bbox 262 706 2827 765; baseline -0.002 -10"><span class='ocrx_word' id='word_1_100' title='bbox 262 723 432 765; x_wconf 89' lang='lat' dir='ltr'><strong>quoque</strong></span> <span class='ocrx_word' id='word_1_101' title='bbox 461 715 505 754; x_wconf 90' lang='lat' dir='ltr'><strong>et</strong></span> <span class='ocrx_word' id='word_1_102' title='bbox 534 708 737 754; x_wconf 90' lang='lat' dir='ltr'><strong>Historiis</strong></span> <span class='ocrx_word' id='word_1_103' title='bbox 769 708 955 751; x_wconf 89' lang='lat' dir='ltr'><strong>eminent</strong></span> <span class='ocrx_word' id='word_1_104' title='bbox 985 708 1154 763; x_wconf 89' lang='lat' dir='ltr'><strong>periodi</strong></span> <span class='ocrx_word' id='word_1_105' title='bbox 1184 708 1347 764; x_wconf 88' lang='lat' dir='ltr'><strong>passim</strong></span> <span class='ocrx_word' id='word_1_106' title='bbox 1376 708 1534 762; x_wconf 89' lang='lat' dir='ltr'><strong>longae</strong></span> <span class='ocrx_word' id='word_1_107' title='bbox 1563 712 1605 750; x_wconf 93' lang='lat' dir='ltr'><strong>et</strong></span> <span class='ocrx_word' id='word_1_108' title='bbox 1635 720 1861 751; x_wconf 88' lang='lat' dir='ltr'><strong>nervosae:</strong></span> <span class='ocrx_word' id='word_1_109' title='bbox 1890 716 1985 761; x_wconf 82' lang='lat' dir='ltr'><strong>‘qua</strong></span> <span class='ocrx_word' id='word_1_110' title='bbox 2016 720 2061 750; x_wconf 91' lang='lat' dir='ltr'><strong>re</strong></span> <span class='ocrx_word' id='word_1_111' title='bbox 2093 706 2372 762; x_wconf 86' lang='lat' dir='ltr'><strong>convincitur,</strong></span> <span class='ocrx_word' id='word_1_112' title='bbox 2416 707 2529 751; x_wconf 89' lang='lat' dir='ltr'><strong>hunc</strong></span> <span class='ocrx_word' id='word_1_113' title='bbox 2559 708 2827 765; x_wconf 86' lang='lat' dir='ltr'><strong>scriptorem,</strong></span> 
     </span>
     <span class='ocr_line' id='line_1_11' title="bbox 264 766 2829 825; baseline -0.002 -12"><span class='ocrx_word' id='word_1_114' title='bbox 264 768 302 813; x_wconf 91' lang='lat' dir='ltr'><strong>si</strong></span> <span class='ocrx_word' id='word_1_115' title='bbox 332 769 550 825; x_wconf 86' lang='lat' dir='ltr'><strong>voluisset,</strong></span> <span class='ocrx_word' id='word_1_116' title='bbox 584 767 907 812; x_wconf 84' lang='lat' dir='ltr'><strong>Ciceronianam</strong></span> <span class='ocrx_word' id='word_1_117' title='bbox 937 772 980 810; x_wconf 89' lang='lat' dir='ltr'><strong>et</strong></span> <span class='ocrx_word' id='word_1_118' title='bbox 1011 766 1238 810; x_wconf 89' lang='lat' dir='ltr'><strong>Livianam</strong></span> <span class='ocrx_word' id='word_1_119' title='bbox 1267 767 1510 811; x_wconf 88' lang='lat' dir='ltr'><strong>ubertatem</strong></span> <span class='ocrx_word' id='word_1_120' title='bbox 1547 772 1589 810; x_wconf 90' lang='lat' dir='ltr'><strong>et</strong></span> <span class='ocrx_word' id='word_1_121' title='bbox 1619 766 1786 823; x_wconf 89' lang='lat' dir='ltr'><strong>copiam</strong></span> <span class='ocrx_word' id='word_1_122' title='bbox 1823 767 2029 811; x_wconf 87' lang='lat' dir='ltr'><strong>sermonis</strong></span> <span class='ocrx_word' id='word_1_123' title='bbox 2071 766 2249 809; x_wconf 90' lang='lat' dir='ltr'><strong>induere</strong></span> <span class='ocrx_word' id='word_1_124' title='bbox 2285 766 2490 823; x_wconf 89' lang='lat' dir='ltr'><strong>potuisse.</strong></span> <span class='ocrx_word' id='word_1_125' title='bbox 2553 768 2663 820; x_wconf 82' lang='lat' dir='ltr'><strong>Quis</strong></span> <span class='ocrx_word' id='word_1_126' title='bbox 2699 766 2829 823; x_wconf 84' lang='lat' dir='ltr'><strong>enim,</strong></span> 
     </span>
     <span class='ocr_line' id='line_1_12' title="bbox 262 820 2832 884; baseline -0.002 -12"><span class='ocrx_word' id='word_1_127' title='bbox 262 832 310 872; x_wconf 91' lang='lat' dir='ltr'><strong>ut</strong></span> <span class='ocrx_word' id='word_1_128' title='bbox 339 828 509 884; x_wconf 80' lang='lat' dir='ltr'><strong>Langei</strong></span> <span class='ocrx_word' id='word_1_129' title='bbox 538 820 683 872; x_wconf 86' lang='lat' dir='ltr'><strong>verbis</strong></span> <span class='ocrx_word' id='word_1_130' title='bbox 713 831 825 882; x_wconf 91' lang='lat' dir='ltr'><strong>utar,</strong></span> <span class='ocrx_word' id='word_1_131' title='bbox 857 831 987 881; x_wconf 90' lang='lat' dir='ltr'><strong>neget</strong></span> <span class='ocrx_word' id='word_1_132' title='bbox 1019 826 1218 870; x_wconf 91' lang='lat' dir='ltr'><strong>Tacitum</strong></span> <span class='ocrx_word' id='word_1_133' title='bbox 1248 826 1592 869; x_wconf 89' lang='lat' dir='ltr'><strong>laudatissimum</strong></span> <span class='ocrx_word' id='word_1_134' title='bbox 1622 834 1845 880; x_wconf 85' lang='lat' dir='ltr'><strong>oratorem,</strong></span> <span class='ocrx_word' id='word_1_135' title='bbox 1874 828 2147 869; x_wconf 80' lang='lat' dir='ltr'><strong>Facetiarum</strong></span> <span class='ocrx_word' id='word_1_136' title='bbox 2178 826 2429 882; x_wconf 88' lang='lat' dir='ltr'><strong>scriptorem</strong></span> <span class='ocrx_word' id='word_1_137' title='bbox 2460 827 2571 883; x_wconf 87' lang='lat' dir='ltr'><strong>fusa,</strong></span> <span class='ocrx_word' id='word_1_138' title='bbox 2614 827 2758 870; x_wconf 87' lang='lat' dir='ltr'><strong>soluta</strong></span> <span class='ocrx_word' id='word_1_139' title='bbox 2788 830 2832 867; x_wconf 92' lang='lat' dir='ltr'><strong>ct</strong></span> 
     </span>
     <span class='ocr_line' id='line_1_13' title="bbox 264 884 2832 941; baseline -0.002 -11"><span class='ocrx_word' id='word_1_140' title='bbox 264 888 487 941; x_wconf 82' lang='lat' dir='ltr'><strong>aequabili</strong></span> <span class='ocrx_word' id='word_1_141' title='bbox 517 887 722 941; x_wconf 82' lang='lat' dir='ltr'><strong>oratione,</strong></span> <span class='ocrx_word' id='word_1_142' title='bbox 754 885 904 941; x_wconf 87' lang='lat' dir='ltr'><strong>lepida</strong></span> <span class='ocrx_word' id='word_1_143' title='bbox 934 898 1117 940; x_wconf 92' lang='lat' dir='ltr'><strong>quoque,</strong></span> <span class='ocrx_word' id='word_1_144' title='bbox 1149 885 1321 939; x_wconf 90' lang='lat' dir='ltr'><strong>quando</strong></span> <span class='ocrx_word' id='word_1_145' title='bbox 1352 885 1498 940; x_wconf 89' lang='lat' dir='ltr'><strong>vellet,</strong></span> <span class='ocrx_word' id='word_1_146' title='bbox 1532 886 1595 928; x_wconf 92' lang='lat' dir='ltr'><strong>uti</strong></span> <span class='ocrx_word' id='word_1_147' title='bbox 1625 885 1847 941; x_wconf 78' lang='lat' dir='ltr'><strong>potuisse?</strong></span> <span class='ocrx_word' id='word_1_148' title='bbox 1910 885 2017 935; x_wconf 84' lang='lat' dir='ltr'><strong>Quis</strong></span> <span class='ocrx_word' id='word_1_149' title='bbox 2048 885 2196 927; x_wconf 87' lang='lat' dir='ltr'><strong>credat</strong></span> <span class='ocrx_word' id='word_1_150' title='bbox 2233 885 2384 928; x_wconf 85' lang='lat' dir='ltr'><strong>Tacito</strong></span> <span class='ocrx_word' id='word_1_151' title='bbox 2421 901 2586 930; x_wconf 90' lang='lat' dir='ltr'><strong>summo</strong></span> <span class='ocrx_word' id='word_1_152' title='bbox 2623 884 2832 929; x_wconf 84' lang='lat' dir='ltr'><strong>sermonis</strong></span> 
     </span>
     <span class='ocr_line' id='line_1_14' title="bbox 262 942 2832 1000; baseline -0.002 -11"><span class='ocrx_word' id='word_1_153' title='bbox 262 945 418 990; x_wconf 86' lang='lat' dir='ltr'><strong>artifici</strong></span> <span class='ocrx_word' id='word_1_154' title='bbox 448 946 703 990; x_wconf 86' lang='lat' dir='ltr'><strong>facultatem</strong></span> <span class='ocrx_word' id='word_1_155' title='bbox 732 944 975 998; x_wconf 89' lang='lat' dir='ltr'><strong>flumenque</strong></span> <span class='ocrx_word' id='word_1_156' title='bbox 1006 944 1211 988; x_wconf 90' lang='lat' dir='ltr'><strong>orationis</strong></span> <span class='ocrx_word' id='word_1_157' title='bbox 1242 943 1431 988; x_wconf 87' lang='lat' dir='ltr'><strong>defuisse</strong></span> <span class='ocrx_word' id='word_1_158' title='bbox 1448 945 1470 986; x_wconf 75' lang='grc' dir='ltr'><strong>ἱ)</strong></span> <span class='ocrx_word' id='word_1_159' title='bbox 1531 945 1588 988; x_wconf 90' lang='lat' dir='ltr'><strong>Ut</strong></span> <span class='ocrx_word' id='word_1_160' title='bbox 1620 943 1833 986; x_wconf 88' lang='lat' dir='ltr'><strong>admirere</strong></span> <span class='ocrx_word' id='word_1_161' title='bbox 1874 948 2065 987; x_wconf 89' lang='lat' dir='ltr'><strong>nostrum</strong></span> <span class='ocrx_word' id='word_1_162' title='bbox 2111 944 2360 998; x_wconf 85' lang='lat' dir='ltr'><strong>scriptorem</strong></span> <span class='ocrx_word' id='word_1_163' title='bbox 2405 957 2460 986; x_wconf 87' lang='lat' dir='ltr'><strong>ex</strong></span> <span class='ocrx_word' id='word_1_164' title='bbox 2500 959 2585 989; x_wconf 90' lang='lat' dir='ltr'><strong>uno</strong></span> <span class='ocrx_word' id='word_1_165' title='bbox 2616 942 2832 1000; x_wconf 89' lang='lat' dir='ltr'><strong>exemplo,</strong></span> 
     </span>
     <span class='ocr_line' id='line_1_15' title="bbox 263 1002 2832 1060; baseline -0.001 -12"><span class='ocrx_word' id='word_1_166' title='bbox 263 1005 386 1060; x_wconf 89' lang='lat' dir='ltr'><strong>legas</strong></span> <span class='ocrx_word' id='word_1_167' title='bbox 418 1017 579 1060; x_wconf 82' lang='lat' dir='ltr'><strong>quaeso</strong></span> <span class='ocrx_word' id='word_1_168' title='bbox 609 1003 943 1060; x_wconf 89' lang='lat' dir='ltr'><strong>pulcherrimum</strong></span> <span class='ocrx_word' id='word_1_169' title='bbox 975 1009 1018 1045; x_wconf 95' lang='lat' dir='ltr'><strong>et</strong></span> <span class='ocrx_word' id='word_1_170' title='bbox 1048 1003 1308 1045; x_wconf 90' lang='lat' dir='ltr'><strong>uberrimum</strong></span> <span class='ocrx_word' id='word_1_171' title='bbox 1338 1008 1470 1059; x_wconf 92' lang='lat' dir='ltr'><strong>caput</strong></span> <span class='ocrx_word' id='word_1_172' title='bbox 1499 1003 1607 1046; x_wconf 89' lang='lat' dir='ltr'><strong>Hist.</strong></span> <span class='ocrx_word' id='word_1_173' title='bbox 1639 1003 1682 1058; x_wconf 83' lang='lat'><strong>2,</strong></span> <span class='ocrx_word' id='word_1_174' title='bbox 1715 1003 1784 1046; x_wconf 82' lang='lat'><strong>37.</strong></span> <span class='ocrx_word' id='word_1_175' title='bbox 1837 1003 2071 1045; x_wconf 88' lang='lat' dir='ltr'><strong>Praeterea</strong></span> <span class='ocrx_word' id='word_1_176' title='bbox 2100 1016 2225 1045; x_wconf 90' lang='lat' dir='ltr'><strong>nemo</strong></span> <span class='ocrx_word' id='word_1_177' title='bbox 2261 1002 2346 1045; x_wconf 91' lang='lat' dir='ltr'><strong>sibi</strong></span> <span class='ocrx_word' id='word_1_178' title='bbox 2385 1003 2666 1058; x_wconf 85' lang='lat' dir='ltr'><strong>persuadebit</strong></span> <span class='ocrx_word' id='word_1_179' title='bbox 2707 1002 2832 1046; x_wconf 86' lang='lat' dir='ltr'><strong>Taci-</strong></span> 
     </span>
     <span class='ocr_line' id='line_1_16' title="bbox 262 1060 2832 1116; baseline -0.002 -9"><span class='ocrx_word' id='word_1_180' title='bbox 262 1067 356 1108; x_wconf 91' lang='lat' dir='ltr'><strong>tum</strong></span> <span class='ocrx_word' id='word_1_181' title='bbox 387 1061 538 1109; x_wconf 88' lang='lat' dir='ltr'><strong>eodem</strong></span> <span class='ocrx_word' id='word_1_182' title='bbox 568 1063 642 1107; x_wconf 90' lang='lat' dir='ltr'><strong>illo</strong></span> <span class='ocrx_word' id='word_1_183' title='bbox 673 1076 782 1106; x_wconf 91' lang='lat' dir='ltr'><strong>novo</strong></span> <span class='ocrx_word' id='word_1_184' title='bbox 815 1061 987 1105; x_wconf 91' lang='lat' dir='ltr'><strong>dicendi</strong></span> <span class='ocrx_word' id='word_1_185' title='bbox 1017 1074 1174 1116; x_wconf 87' lang='lat' dir='ltr'><strong>genere</strong></span> <span class='ocrx_word' id='word_1_186' title='bbox 1205 1067 1248 1106; x_wconf 89' lang='lat' dir='ltr'><strong>et</strong></span> <span class='ocrx_word' id='word_1_187' title='bbox 1278 1062 1490 1106; x_wconf 88' lang='lat' dir='ltr'><strong>brevitate</strong></span> <span class='ocrx_word' id='word_1_188' title='bbox 1521 1062 1727 1105; x_wconf 86' lang='lat' dir='ltr'><strong>affectata</strong></span> <span class='ocrx_word' id='word_1_189' title='bbox 1765 1062 1836 1104; x_wconf 92' lang='lat' dir='ltr'><strong>vel</strong></span> <span class='ocrx_word' id='word_1_190' title='bbox 1882 1063 1928 1104; x_wconf 91' lang='lat' dir='ltr'><strong>in</strong></span> <span class='ocrx_word' id='word_1_191' title='bbox 1970 1073 2164 1105; x_wconf 88' lang='lat' dir='ltr'><strong>sermone</strong></span> <span class='ocrx_word' id='word_1_192' title='bbox 2196 1060 2446 1115; x_wconf 89' lang='lat' dir='ltr'><strong>quotidiano</strong></span> <span class='ocrx_word' id='word_1_193' title='bbox 2477 1075 2600 1106; x_wconf 89' lang='lat' dir='ltr'><strong>usum</strong></span> <span class='ocrx_word' id='word_1_194' title='bbox 2630 1075 2725 1106; x_wconf 88' lang='lat' dir='ltr'><strong>esse</strong></span> <span class='ocrx_word' id='word_1_195' title='bbox 2761 1060 2832 1104; x_wconf 89' lang='lat' dir='ltr'><strong>vel</strong></span> 
     </span>
     <span class='ocr_line' id='line_1_17' title="bbox 264 1119 2832 1180; baseline -0 -15"><span class='ocrx_word' id='word_1_196' title='bbox 264 1122 385 1180; x_wconf 90' lang='lat' dir='ltr'><strong>apud</strong></span> <span class='ocrx_word' id='word_1_197' title='bbox 414 1122 579 1168; x_wconf 88' lang='lat' dir='ltr'><strong>iudices</strong></span> <span class='ocrx_word' id='word_1_198' title='bbox 610 1121 811 1166; x_wconf 86' lang='lat' dir='ltr'><strong>oravisse.</strong></span> <span class='ocrx_word' id='word_1_199' title='bbox 872 1121 1134 1178; x_wconf 86' lang='lat' dir='ltr'><strong>Scriptorem</strong></span> <span class='ocrx_word' id='word_1_200' title='bbox 1165 1127 1310 1164; x_wconf 88' lang='lat' dir='ltr'><strong>autem</strong></span> <span class='ocrx_word' id='word_1_201' title='bbox 1351 1121 1422 1164; x_wconf 88' lang='lat' dir='ltr'><strong>vel</strong></span> <span class='ocrx_word' id='word_1_202' title='bbox 1461 1120 1665 1164; x_wconf 87' lang='lat' dir='ltr'><strong>mediocri</strong></span> <span class='ocrx_word' id='word_1_203' title='bbox 1706 1121 1880 1176; x_wconf 89' lang='lat' dir='ltr'><strong>ingenio</strong></span> <span class='ocrx_word' id='word_1_204' title='bbox 1911 1120 2156 1177; x_wconf 90' lang='lat' dir='ltr'><strong>praeditum</strong></span> <span class='ocrx_word' id='word_1_205' title='bbox 2187 1119 2372 1164; x_wconf 90' lang='lat' dir='ltr'><strong>orationi</strong></span> <span class='ocrx_word' id='word_1_206' title='bbox 2401 1134 2508 1164; x_wconf 88' lang='lat' dir='ltr'><strong>suae</strong></span> <span class='ocrx_word' id='word_1_207' title='bbox 2538 1121 2705 1165; x_wconf 89' lang='lat' dir='ltr'><strong>alienas</strong></span> <span class='ocrx_word' id='word_1_208' title='bbox 2735 1134 2832 1176; x_wconf 90' lang='lat' dir='ltr'><strong>pro·</strong></span> 
     </span>
     <span class='ocr_line' id='line_1_18' title="bbox 268 1179 2832 1238; baseline -0.001 -13"><span class='ocrx_word' id='word_1_209' title='bbox 268 1182 478 1238; x_wconf 86' lang='lat' dir='ltr'><strong>prietates</strong></span> <span class='ocrx_word' id='word_1_210' title='bbox 508 1180 688 1224; x_wconf 90' lang='lat' dir='ltr'><strong>induere</strong></span> <span class='ocrx_word' id='word_1_211' title='bbox 709 1194 848 1236; x_wconf 90' lang='lat' dir='ltr'><strong>posse,</strong></span> <span class='ocrx_word' id='word_1_212' title='bbox 880 1181 1135 1236; x_wconf 88' lang='lat' dir='ltr'><strong>praesertim</strong></span> <span class='ocrx_word' id='word_1_213' title='bbox 1166 1195 1296 1234; x_wconf 92' lang='lat' dir='ltr'><strong>quum</strong></span> <span class='ocrx_word' id='word_1_214' title='bbox 1325 1181 1591 1237; x_wconf 87' lang='lat' dir='ltr'><strong>propositum</strong></span> <span class='ocrx_word' id='word_1_215' title='bbox 1620 1181 1799 1235; x_wconf 87' lang='lat' dir='ltr'><strong>aliquod</strong></span> <span class='ocrx_word' id='word_1_216' title='bbox 1829 1181 1911 1224; x_wconf 90' lang='lat' dir='ltr'><strong>hac</strong></span> <span class='ocrx_word' id='word_1_217' title='bbox 1941 1181 2013 1224; x_wconf 85' lang='lat' dir='ltr'><strong>via</strong></span> <span class='ocrx_word' id='word_1_218' title='bbox 2045 1181 2248 1234; x_wconf 88' lang='lat' dir='ltr'><strong>consequi</strong></span> <span class='ocrx_word' id='word_1_219' title='bbox 2279 1180 2400 1235; x_wconf 92' lang='lat' dir='ltr'><strong>velit,</strong></span> <span class='ocrx_word' id='word_1_220' title='bbox 2434 1186 2477 1223; x_wconf 93' lang='lat' dir='ltr'><strong>et</strong></span> <span class='ocrx_word' id='word_1_221' title='bbox 2508 1194 2587 1237; x_wconf 89' lang='lat' dir='ltr'><strong>per</strong></span> <span class='ocrx_word' id='word_1_222' title='bbox 2617 1194 2665 1225; x_wconf 89' lang='lat' dir='ltr'><strong>se</strong></span> <span class='ocrx_word' id='word_1_223' title='bbox 2696 1179 2832 1224; x_wconf 90' lang='lat' dir='ltr'><strong>credi-</strong></span> 
     </span>
     <span class='ocr_line' id='line_1_19' title="bbox 266 1240 1046 1296; baseline -0.003 -13"><span class='ocrx_word' id='word_1_224' title='bbox 266 1241 355 1284; x_wconf 89' lang='lat' dir='ltr'><strong>bile</strong></span> <span class='ocrx_word' id='word_1_225' title='bbox 387 1246 453 1284; x_wconf 88' lang='lat' dir='ltr'><strong>est</strong></span> <span class='ocrx_word' id='word_1_226' title='bbox 483 1245 526 1284; x_wconf 93' lang='lat' dir='ltr'><strong>et</strong></span> <span class='ocrx_word' id='word_1_227' title='bbox 556 1253 637 1284; x_wconf 91' lang='lat' dir='ltr'><strong>usu</strong></span> <span class='ocrx_word' id='word_1_228' title='bbox 667 1240 774 1284; x_wconf 86' lang='lat' dir='ltr'><strong>satis</strong></span> <span class='ocrx_word' id='word_1_229' title='bbox 805 1241 1046 1296; x_wconf 91' lang='lat' dir='ltr'><strong>probatum.</strong></span> 
     </span>
    </p>

    <p class='ocr_par' dir='ltr' id='par_1_6' title="bbox 263 1299 2834 1651">
     <span class='ocr_line' id='line_1_20' title="bbox 383 1299 2832 1355; baseline -0.001 -12"><span class='ocrx_word' id='word_1_230' title='bbox 383 1300 535 1343; x_wconf 85' lang='lat' dir='ltr'><strong>Nonne</strong></span> <span class='ocrx_word' id='word_1_231' title='bbox 566 1299 740 1355; x_wconf 87' lang='lat' dir='ltr'><strong>Lipsius</strong></span> <span class='ocrx_word' id='word_1_232' title='bbox 770 1312 849 1342; x_wconf 89' lang='lat' dir='ltr'><strong>suo</strong></span> <span class='ocrx_word' id='word_1_233' title='bbox 880 1299 974 1354; x_wconf 88' lang='lat' dir='ltr'><strong>ipse</strong></span> <span class='ocrx_word' id='word_1_234' title='bbox 1006 1299 1204 1354; x_wconf 85' lang='lat' dir='ltr'><strong>exemplo</strong></span> <span class='ocrx_word' id='word_1_235' title='bbox 1234 1299 1404 1354; x_wconf 88' lang='lat' dir='ltr'><strong>probat,</strong></span> <span class='ocrx_word' id='word_1_236' title='bbox 1437 1312 1567 1342; x_wconf 88' lang='lat' dir='ltr'><strong>unum</strong></span> <span class='ocrx_word' id='word_1_237' title='bbox 1597 1299 1866 1353; x_wconf 89' lang='lat' dir='ltr'><strong>eundemque</strong></span> <span class='ocrx_word' id='word_1_238' title='bbox 1897 1299 2070 1342; x_wconf 87' lang='lat' dir='ltr'><strong>diversa</strong></span> <span class='ocrx_word' id='word_1_239' title='bbox 2100 1310 2228 1354; x_wconf 88' lang='lat' dir='ltr'><strong>posse</strong></span> <span class='ocrx_word' id='word_1_240' title='bbox 2258 1299 2323 1340; x_wconf 90' lang='lat' dir='ltr'><strong>uti</strong></span> <span class='ocrx_word' id='word_1_241' title='bbox 2353 1299 2547 1341; x_wconf 90' lang='lat' dir='ltr'><strong>oratione</strong></span> <span class='ocrx_word' id='word_1_242' title='bbox 2578 1305 2623 1341; x_wconf 91' lang='lat' dir='ltr'><strong>et</strong></span> <span class='ocrx_word' id='word_1_243' title='bbox 2653 1299 2699 1341; x_wconf 92' lang='lat' dir='ltr'><strong>in</strong></span> <span class='ocrx_word' id='word_1_244' title='bbox 2720 1303 2832 1341; x_wconf 88' lang='lat' dir='ltr'><strong>utro·</strong></span> 
     </span>
     <span class='ocr_line' id='line_1_21' title="bbox 264 1356 2834 1414; baseline -0 -13"><span class='ocrx_word' id='word_1_245' title='bbox 264 1370 348 1413; x_wconf 90' lang='lat' dir='ltr'><strong>que</strong></span> <span class='ocrx_word' id='word_1_246' title='bbox 378 1371 537 1413; x_wconf 85' lang='lat' dir='ltr'><strong>genere</strong></span> <span class='ocrx_word' id='word_1_247' title='bbox 568 1358 794 1413; x_wconf 90' lang='lat' dir='ltr'><strong>excellere,</strong></span> <span class='ocrx_word' id='word_1_248' title='bbox 828 1358 915 1413; x_wconf 90' lang='lat' dir='ltr'><strong>qui,</strong></span> <span class='ocrx_word' id='word_1_249' title='bbox 949 1370 1079 1412; x_wconf 92' lang='lat' dir='ltr'><strong>quum</strong></span> <span class='ocrx_word' id='word_1_250' title='bbox 1106 1359 1246 1401; x_wconf 49' lang='lat' dir='ltr'><strong>,lenae</strong></span> <span class='ocrx_word' id='word_1_251' title='bbox 1278 1362 1403 1412; x_wconf 88' lang='lat' dir='ltr'><strong>esset,</strong></span> <span class='ocrx_word' id='word_1_252' title='bbox 1436 1356 1695 1414; x_wconf 86' lang='lat' dir='ltr'><strong>Ciceronem,</strong></span> <span class='ocrx_word' id='word_1_253' title='bbox 1727 1364 1774 1400; x_wconf 92' lang='lat' dir='ltr'><strong>ut</strong></span> <span class='ocrx_word' id='word_1_254' title='bbox 1804 1358 1940 1414; x_wconf 88' lang='lat' dir='ltr'><strong>ipsius</strong></span> <span class='ocrx_word' id='word_1_255' title='bbox 1961 1359 2170 1414; x_wconf 90' lang='lat' dir='ltr'><strong>epistolae</strong></span> <span class='ocrx_word' id='word_1_256' title='bbox 2192 1356 2360 1412; x_wconf 83' lang='lat' dir='ltr'><strong>docent,</strong></span> <span class='ocrx_word' id='word_1_257' title='bbox 2392 1357 2648 1413; x_wconf 88' lang='lat' dir='ltr'><strong>imitaretur,</strong></span> <span class='ocrx_word' id='word_1_258' title='bbox 2680 1362 2834 1413; x_wconf 86' lang='lat' dir='ltr'><strong>postea</strong></span> 
     </span>
     <span class='ocr_line' id='line_1_22' title="bbox 263 1416 2834 1471; baseline -0.001 -11"><span class='ocrx_word' id='word_1_259' title='bbox 263 1417 406 1460; x_wconf 83' lang='lat' dir='ltr'><strong>Taciti</strong></span> <span class='ocrx_word' id='word_1_260' title='bbox 437 1416 588 1460; x_wconf 91' lang='lat' dir='ltr'><strong>duram</strong></span> <span class='ocrx_word' id='word_1_261' title='bbox 619 1417 880 1470; x_wconf 84' lang='lat' dir='ltr'><strong>brevemque</strong></span> <span class='ocrx_word' id='word_1_262' title='bbox 910 1416 1089 1459; x_wconf 90' lang='lat' dir='ltr'><strong>formam</strong></span> <span class='ocrx_word' id='word_1_263' title='bbox 1120 1416 1346 1460; x_wconf 89' lang='lat' dir='ltr'><strong>scribendo</strong></span> <span class='ocrx_word' id='word_1_264' title='bbox 1377 1418 1669 1471; x_wconf 74' lang='lat' dir='ltr'><strong>exprimeret?</strong></span> <span class='ocrx_word' id='word_1_265' title='bbox 1715 1418 1770 1459; x_wconf 90' lang='lat' dir='ltr'><strong>Et</strong></span> <span class='ocrx_word' id='word_1_266' title='bbox 1800 1417 1936 1471; x_wconf 87' lang='lat' dir='ltr'><strong>ipsius</strong></span> <span class='ocrx_word' id='word_1_267' title='bbox 1968 1418 2184 1460; x_wconf 90' lang='lat' dir='ltr'><strong>Ciceronis</strong></span> <span class='ocrx_word' id='word_1_268' title='bbox 2216 1416 2498 1459; x_wconf 88' lang='lat' dir='ltr'><strong>imitationem</strong></span> <span class='ocrx_word' id='word_1_269' title='bbox 2528 1430 2615 1461; x_wconf 91' lang='lat' dir='ltr'><strong>non</strong></span> <span class='ocrx_word' id='word_1_270' title='bbox 2643 1417 2707 1460; x_wconf 88' lang='lat' dir='ltr'><strong>ita</strong></span> <span class='ocrx_word' id='word_1_271' title='bbox 2738 1428 2834 1459; x_wconf 87' lang='lat' dir='ltr'><strong>esse</strong></span> 
     </span>
     <span class='ocr_line' id='line_1_23' title="bbox 268 1474 2833 1531; baseline 0 -13"><span class='ocrx_word' id='word_1_272' title='bbox 268 1475 500 1531; x_wconf 88' lang='lat' dir='ltr'><strong>difficilem,</strong></span> <span class='ocrx_word' id='word_1_273' title='bbox 531 1476 824 1519; x_wconf 89' lang='lat' dir='ltr'><strong>demonstrant</strong></span> <span class='ocrx_word' id='word_1_274' title='bbox 855 1474 1023 1517; x_wconf 90' lang='lat' dir='ltr'><strong>infinita</strong></span> <span class='ocrx_word' id='word_1_275' title='bbox 1054 1475 1426 1518; x_wconf 88' lang='lat' dir='ltr'><strong>Ciceronianorum</strong></span> <span class='ocrx_word' id='word_1_276' title='bbox 1456 1475 1682 1519; x_wconf 85' lang='lat' dir='ltr'><strong>volumina.</strong></span> <span class='ocrx_word' id='word_1_277' title='bbox 1715 1475 1961 1519; x_wconf 86' lang='lat' dir='ltr'><strong>Ciceronem</strong></span> <span class='ocrx_word' id='word_1_278' title='bbox 1993 1482 2137 1519; x_wconf 86' lang='lat' dir='ltr'><strong>autem</strong></span> <span class='ocrx_word' id='word_1_279' title='bbox 2168 1480 2417 1528; x_wconf 89' lang='lat' dir='ltr'><strong>ceterosque</strong></span> <span class='ocrx_word' id='word_1_280' title='bbox 2437 1474 2833 1531; x_wconf 84' lang='lat' dir='ltr'><strong>praestantissimos</strong></span> 
     </span>
     <span class='ocr_line' id='line_1_24' title="bbox 264 1533 2831 1590; baseline -0.001 -12"><span class='ocrx_word' id='word_1_281' title='bbox 264 1534 495 1590; x_wconf 87' lang='lat' dir='ltr'><strong>scriptores</strong></span> <span class='ocrx_word' id='word_1_282' title='bbox 527 1539 569 1577; x_wconf 92' lang='lat' dir='ltr'><strong>et</strong></span> <span class='ocrx_word' id='word_1_283' title='bbox 601 1534 852 1589; x_wconf 90' lang='lat' dir='ltr'><strong>cognovisse</strong></span> <span class='ocrx_word' id='word_1_284' title='bbox 883 1538 926 1576; x_wconf 91' lang='lat' dir='ltr'><strong>et</strong></span> <span class='ocrx_word' id='word_1_285' title='bbox 947 1533 1156 1577; x_wconf 89' lang='lat' dir='ltr'><strong>aemulari</strong></span> <span class='ocrx_word' id='word_1_286' title='bbox 1177 1547 1227 1577; x_wconf 92' lang='lat' dir='ltr'><strong>eo</strong></span> <span class='ocrx_word' id='word_1_287' title='bbox 1248 1539 1438 1588; x_wconf 89' lang='lat' dir='ltr'><strong>tempore</strong></span> <span class='ocrx_word' id='word_1_288' title='bbox 1459 1548 1542 1577; x_wconf 91' lang='lat' dir='ltr'><strong>non</strong></span> <span class='ocrx_word' id='word_1_289' title='bbox 1557 1535 1696 1577; x_wconf 89' lang='lat' dir='ltr'><strong>minus</strong></span> <span class='ocrx_word' id='word_1_290' title='bbox 1718 1535 1882 1588; x_wconf 90' lang='lat' dir='ltr'><strong>gloriae</strong></span> <span class='ocrx_word' id='word_1_291' title='bbox 1904 1535 2155 1588; x_wconf 87' lang='lat' dir='ltr'><strong>ducebatur,</strong></span> <span class='ocrx_word' id='word_1_292' title='bbox 2189 1546 2318 1587; x_wconf 89' lang='lat' dir='ltr'><strong>quam</strong></span> <span class='ocrx_word' id='word_1_293' title='bbox 2343 1539 2490 1578; x_wconf 89' lang='lat' dir='ltr'><strong>nostra</strong></span> <span class='ocrx_word' id='word_1_294' title='bbox 2509 1539 2654 1577; x_wconf 88' lang='lat' dir='ltr'><strong>aetate</strong></span> <span class='ocrx_word' id='word_1_295' title='bbox 2675 1534 2713 1578; x_wconf 91' lang='lat' dir='ltr'><strong>si</strong></span> <span class='ocrx_word' id='word_1_296' title='bbox 2734 1534 2831 1588; x_wconf 84' lang='lat' dir='ltr'><strong>quis</strong></span> 
     </span>
     <span class='ocr_line' id='line_1_25' title="bbox 265 1591 2831 1651; baseline -0.001 -14"><span class='ocrx_word' id='word_1_297' title='bbox 265 1598 342 1637; x_wconf 89' lang='lat' dir='ltr'><strong>aut</strong></span> <span class='ocrx_word' id='word_1_298' title='bbox 373 1593 589 1649; x_wconf 88' lang='lat' dir='ltr'><strong>Lessingii</strong></span> <span class='ocrx_word' id='word_1_299' title='bbox 618 1593 971 1650; x_wconf 88' lang='lat' dir='ltr'><strong>perspicuitatem</strong></span> <span class='ocrx_word' id='word_1_300' title='bbox 1002 1598 1078 1637; x_wconf 88' lang='lat' dir='ltr'><strong>aut</strong></span> <span class='ocrx_word' id='word_1_301' title='bbox 1111 1593 1293 1637; x_wconf 85' lang='lat' dir='ltr'><strong>Goethei</strong></span> <span class='ocrx_word' id='word_1_302' title='bbox 1331 1593 1650 1649; x_wconf 86' lang='lat' dir='ltr'><strong>simplicitatem</strong></span> <span class='ocrx_word' id='word_1_303' title='bbox 1681 1599 1756 1637; x_wconf 90' lang='lat' dir='ltr'><strong>aut</strong></span> <span class='ocrx_word' id='word_1_304' title='bbox 1781 1592 1980 1637; x_wconf 85' lang='lat' dir='ltr'><strong>Schilleri</strong></span> <span class='ocrx_word' id='word_1_305' title='bbox 2011 1594 2179 1651; x_wconf 85' lang='lat' dir='ltr'><strong>copiam</strong></span> <span class='ocrx_word' id='word_1_306' title='bbox 2208 1599 2251 1637; x_wconf 93' lang='lat' dir='ltr'><strong>et</strong></span> <span class='ocrx_word' id='word_1_307' title='bbox 2273 1591 2545 1637; x_wconf 89' lang='lat' dir='ltr'><strong>altitudinem</strong></span> <span class='ocrx_word' id='word_1_308' title='bbox 2575 1593 2831 1637; x_wconf 89' lang='lat' dir='ltr'><strong>aemulatur.</strong></span> 
     </span>
    </p>

    <p class='ocr_par' dir='ltr' id='par_1_7' title="bbox 262 1653 2829 1766">
     <span class='ocr_line' id='line_1_26' title="bbox 386 1653 2829 1709; baseline -0.001 -13"><span class='ocrx_word' id='word_1_309' title='bbox 386 1653 508 1696; x_wconf 89' lang='lat' dir='ltr'><strong>Hanc</strong></span> <span class='ocrx_word' id='word_1_310' title='bbox 539 1655 576 1696; x_wconf 92' lang='lat' dir='ltr'><strong>si</strong></span> <span class='ocrx_word' id='word_1_311' title='bbox 607 1658 830 1703; x_wconf 85' lang='lat' dir='ltr'><strong>teneamus</strong></span> <span class='ocrx_word' id='word_1_312' title='bbox 861 1653 1157 1709; x_wconf 89' lang='lat' dir='ltr'><strong>imitationem,</strong></span> <span class='ocrx_word' id='word_1_313' title='bbox 1190 1653 1362 1695; x_wconf 93' lang='lat' dir='ltr'><strong>minime</strong></span> <span class='ocrx_word' id='word_1_314' title='bbox 1395 1653 1509 1706; x_wconf 91' lang='lat' dir='ltr'><strong>quod</strong></span> <span class='ocrx_word' id='word_1_315' title='bbox 1538 1653 1749 1697; x_wconf 80' lang='lat' dir='ltr'><strong>vocabula</strong></span> <span class='ocrx_word' id='word_1_316' title='bbox 1784 1658 1965 1708; x_wconf 87' lang='lat' dir='ltr'><strong>„autem,</strong></span> <span class='ocrx_word' id='word_1_317' title='bbox 1998 1655 2159 1708; x_wconf 87' lang='lat' dir='ltr'><strong>itaque,</strong></span> <span class='ocrx_word' id='word_1_318' title='bbox 2192 1653 2459 1708; x_wconf 89' lang='lat' dir='ltr'><strong>praesertim,</strong></span> <span class='ocrx_word' id='word_1_319' title='bbox 2491 1655 2594 1708; x_wconf 88' lang='lat' dir='ltr'><strong>fere,</strong></span> <span class='ocrx_word' id='word_1_320' title='bbox 2626 1656 2829 1709; x_wconf 80' lang='lat' dir='ltr'><strong>propter“</strong></span> 
     </span>
     <span class='ocr_line' id='line_1_27' title="bbox 262 1712 1353 1766; baseline 0 -12"><span class='ocrx_word' id='word_1_321' title='bbox 262 1712 416 1757; x_wconf 88' lang='lat' dir='ltr'><strong>Tacito</strong></span> <span class='ocrx_word' id='word_1_322' title='bbox 447 1713 658 1755; x_wconf 81' lang='lat' dir='ltr'><strong>inusitata</strong></span> <span class='ocrx_word' id='word_1_323' title='bbox 689 1712 965 1754; x_wconf 88' lang='lat' dir='ltr'><strong>inveniuntur</strong></span> <span class='ocrx_word' id='word_1_324' title='bbox 996 1724 1126 1766; x_wconf 83' lang='lat' dir='ltr'><strong>aegre</strong></span> <span class='ocrx_word' id='word_1_325' title='bbox 1157 1712 1353 1754; x_wconf 89' lang='lat' dir='ltr'><strong>feremus.</strong></span> 
     </span>
    </p>

    <p class='ocr_par' dir='ltr' id='par_1_8' title="bbox 264 1770 2833 2064">
     <span class='ocr_line' id='line_1_28' title="bbox 385 1770 2833 1826; baseline -0 -13"><span class='ocrx_word' id='word_1_326' title='bbox 385 1771 553 1814; x_wconf 89' lang='lat' dir='ltr'><strong>Natura</strong></span> <span class='ocrx_word' id='word_1_327' title='bbox 584 1775 627 1813; x_wconf 94' lang='lat' dir='ltr'><strong>et</strong></span> <span class='ocrx_word' id='word_1_328' title='bbox 657 1770 913 1825; x_wconf 87' lang='lat' dir='ltr'><strong>simplicitas</strong></span> <span class='ocrx_word' id='word_1_329' title='bbox 945 1770 1110 1825; x_wconf 86' lang='lat' dir='ltr'><strong>dialogi</strong></span> <span class='ocrx_word' id='word_1_330' title='bbox 1140 1770 1292 1826; x_wconf 89' lang='lat' dir='ltr'><strong>poscit,</strong></span> <span class='ocrx_word' id='word_1_331' title='bbox 1326 1775 1373 1813; x_wconf 91' lang='lat' dir='ltr'><strong>ut</strong></span> <span class='ocrx_word' id='word_1_332' title='bbox 1403 1771 1628 1815; x_wconf 84' lang='lat' dir='ltr'><strong>familiaris</strong></span> <span class='ocrx_word' id='word_1_333' title='bbox 1660 1772 1792 1814; x_wconf 87' lang='lat' dir='ltr'><strong>etiam</strong></span> <span class='ocrx_word' id='word_1_334' title='bbox 1830 1776 1872 1814; x_wconf 90' lang='lat' dir='ltr'><strong>et</strong></span> <span class='ocrx_word' id='word_1_335' title='bbox 1911 1771 2151 1825; x_wconf 85' lang='lat' dir='ltr'><strong>quotidiani</strong></span> <span class='ocrx_word' id='word_1_336' title='bbox 2195 1771 2400 1815; x_wconf 90' lang='lat' dir='ltr'><strong>sermonis</strong></span> <span class='ocrx_word' id='word_1_337' title='bbox 2431 1771 2668 1814; x_wconf 88' lang='lat' dir='ltr'><strong>locutiones</strong></span> <span class='ocrx_word' id='word_1_338' title='bbox 2705 1770 2833 1813; x_wconf 92' lang='lat' dir='ltr'><strong>inter-</strong></span> 
     </span>
     <span class='ocr_line' id='line_1_29' title="bbox 265 1828 2830 1886; baseline -0.001 -12"><span class='ocrx_word' id='word_1_339' title='bbox 265 1828 368 1874; x_wconf 91' lang='lat' dir='ltr'><strong>dum</strong></span> <span class='ocrx_word' id='word_1_340' title='bbox 399 1829 700 1874; x_wconf 88' lang='lat' dir='ltr'><strong>admittantur:</strong></span> <span class='ocrx_word' id='word_1_341' title='bbox 735 1834 782 1873; x_wconf 92' lang='lat' dir='ltr'><strong>ut</strong></span> <span class='ocrx_word' id='word_1_342' title='bbox 813 1842 848 1872; x_wconf 88' lang='lat' dir='ltr'><strong>c.</strong></span> <span class='ocrx_word' id='word_1_343' title='bbox 881 1830 939 1873; x_wconf 83' lang='lat'><strong>35</strong></span> <span class='ocrx_word' id='word_1_344' title='bbox 975 1842 1078 1886; x_wconf 88' lang='lat' dir='ltr'><strong>„per</strong></span> <span class='ocrx_word' id='word_1_345' title='bbox 1108 1829 1277 1873; x_wconf 86' lang='lat' dir='ltr'><strong>fidem“.</strong></span> <span class='ocrx_word' id='word_1_346' title='bbox 1309 1829 1360 1872; x_wconf 91' lang='lat' dir='ltr'><strong>In</strong></span> <span class='ocrx_word' id='word_1_347' title='bbox 1391 1843 1475 1874; x_wconf 90' lang='lat' dir='ltr'><strong>uno</strong></span> <span class='ocrx_word' id='word_1_348' title='bbox 1508 1829 1680 1886; x_wconf 88' lang='lat' dir='ltr'><strong>dialogo</strong></span> <span class='ocrx_word' id='word_1_349' title='bbox 1713 1830 1929 1886; x_wconf 84' lang='lat' dir='ltr'><strong>undecies,</strong></span> <span class='ocrx_word' id='word_1_350' title='bbox 1968 1831 2012 1873; x_wconf 92' lang='lat' dir='ltr'><strong>in</strong></span> <span class='ocrx_word' id='word_1_351' title='bbox 2044 1831 2196 1874; x_wconf 88' lang='lat' dir='ltr'><strong>Tacito</strong></span> <span class='ocrx_word' id='word_1_352' title='bbox 2227 1829 2387 1884; x_wconf 88' lang='lat' dir='ltr'><strong>legitur</strong></span> <span class='ocrx_word' id='word_1_353' title='bbox 2422 1829 2554 1873; x_wconf 87' lang='lat' dir='ltr'><strong>octies</strong></span> <span class='ocrx_word' id='word_1_354' title='bbox 2605 1829 2830 1884; x_wconf 80' lang='lat' dir='ltr'><strong>„hercule“</strong></span> 
     </span>
     <span class='ocr_line' id='line_1_30' title="bbox 264 1889 2831 1945; baseline 0 -15"><span class='ocrx_word' id='word_1_355' title='bbox 264 1889 527 1931; x_wconf 86' lang='lat' dir='ltr'><strong>interiectio:</strong></span> <span class='ocrx_word' id='word_1_356' title='bbox 559 1902 671 1943; x_wconf 91' lang='lat' dir='ltr'><strong>quae</strong></span> <span class='ocrx_word' id='word_1_357' title='bbox 704 1889 878 1942; x_wconf 89' lang='lat' dir='ltr'><strong>quidem</strong></span> <span class='ocrx_word' id='word_1_358' title='bbox 909 1890 954 1930; x_wconf 91' lang='lat' dir='ltr'><strong>in</strong></span> <span class='ocrx_word' id='word_1_359' title='bbox 984 1890 1173 1932; x_wconf 89' lang='lat' dir='ltr'><strong>historiis</strong></span> <span class='ocrx_word' id='word_1_360' title='bbox 1205 1890 1366 1944; x_wconf 90' lang='lat' dir='ltr'><strong>optimo</strong></span> <span class='ocrx_word' id='word_1_361' title='bbox 1397 1890 1489 1931; x_wconf 91' lang='lat' dir='ltr'><strong>iure</strong></span> <span class='ocrx_word' id='word_1_362' title='bbox 1519 1891 1656 1932; x_wconf 89' lang='lat' dir='ltr'><strong>rarius</strong></span> <span class='ocrx_word' id='word_1_363' title='bbox 1689 1896 1943 1945; x_wconf 87' lang='lat' dir='ltr'><strong>usurpatur:</strong></span> <span class='ocrx_word' id='word_1_364' title='bbox 1994 1890 2359 1944; x_wconf 88' lang='lat' dir='ltr'><strong>disputationibus</strong></span> <span class='ocrx_word' id='word_1_365' title='bbox 2391 1895 2434 1931; x_wconf 92' lang='lat' dir='ltr'><strong>et</strong></span> <span class='ocrx_word' id='word_1_366' title='bbox 2464 1890 2729 1932; x_wconf 84' lang='lat' dir='ltr'><strong>orationibus</strong></span> <span class='ocrx_word' id='word_1_367' title='bbox 2759 1890 2831 1931; x_wconf 91' lang='lat' dir='ltr'><strong>im-</strong></span> 
     </span>
     <span class='ocr_line' id='line_1_31' title="bbox 265 1947 2831 2004; baseline 0 -14"><span class='ocrx_word' id='word_1_368' title='bbox 265 1952 373 2003; x_wconf 88' lang='lat' dir='ltr'><strong>petu</strong></span> <span class='ocrx_word' id='word_1_369' title='bbox 404 1948 590 2002; x_wconf 89' lang='lat' dir='ltr'><strong>quodam</strong></span> <span class='ocrx_word' id='word_1_370' title='bbox 622 1954 665 1990; x_wconf 92' lang='lat' dir='ltr'><strong>et</strong></span> <span class='ocrx_word' id='word_1_371' title='bbox 695 1947 838 1991; x_wconf 90' lang='lat' dir='ltr'><strong>studio</strong></span> <span class='ocrx_word' id='word_1_372' title='bbox 869 1947 1051 2002; x_wconf 84' lang='lat' dir='ltr'><strong>agendis</strong></span> <span class='ocrx_word' id='word_1_373' title='bbox 1082 1947 1450 1991; x_wconf 89' lang='lat' dir='ltr'><strong>accommodatum</strong></span> <span class='ocrx_word' id='word_1_374' title='bbox 1481 1955 1567 1991; x_wconf 87' lang='lat' dir='ltr'><strong>est:</strong></span> <span class='ocrx_word' id='word_1_375' title='bbox 1599 1962 1668 1992; x_wconf 89' lang='lat' dir='ltr'><strong>res</strong></span> <span class='ocrx_word' id='word_1_376' title='bbox 1699 1955 1846 2003; x_wconf 84' lang='lat' dir='ltr'><strong>gestas</strong></span> <span class='ocrx_word' id='word_1_377' title='bbox 1876 1949 2100 1992; x_wconf 87' lang='lat' dir='ltr'><strong>scribentis</strong></span> <span class='ocrx_word' id='word_1_378' title='bbox 2131 1949 2304 2004; x_wconf 89' lang='lat' dir='ltr'><strong>ingenio</strong></span> <span class='ocrx_word' id='word_1_379' title='bbox 2335 1962 2420 1991; x_wconf 90' lang='lat' dir='ltr'><strong>non</strong></span> <span class='ocrx_word' id='word_1_380' title='bbox 2451 1947 2574 1990; x_wconf 86' lang='lat' dir='ltr'><strong>item:</strong></span> <span class='ocrx_word' id='word_1_381' title='bbox 2603 1953 2650 1991; x_wconf 92' lang='lat' dir='ltr'><strong>at</strong></span> <span class='ocrx_word' id='word_1_382' title='bbox 2670 1947 2831 2003; x_wconf 87' lang='lat' dir='ltr'><strong>saepis-</strong></span> 
     </span>
     <span class='ocr_line' id='line_1_32' title="bbox 266 2006 2569 2064; baseline 0 -14"><span class='ocrx_word' id='word_1_383' title='bbox 266 2006 374 2050; x_wconf 84' lang='lat' dir='ltr'><strong>sime</strong></span> <span class='ocrx_word' id='word_1_384' title='bbox 405 2006 465 2049; x_wconf 89' lang='lat' dir='ltr'><strong>ad</strong></span> <span class='ocrx_word' id='word_1_385' title='bbox 497 2006 702 2050; x_wconf 90' lang='lat' dir='ltr'><strong>orationis</strong></span> <span class='ocrx_word' id='word_1_386' title='bbox 737 2006 931 2050; x_wconf 82' lang='lat' dir='ltr'><strong>ardorem</strong></span> <span class='ocrx_word' id='word_1_387' title='bbox 960 2006 1289 2061; x_wconf 80' lang='lat' dir='ltr'><strong>significandum</strong></span> <span class='ocrx_word' id='word_1_388' title='bbox 1320 2006 1472 2050; x_wconf 89' lang='lat' dir='ltr'><strong>eadem</strong></span> <span class='ocrx_word' id='word_1_389' title='bbox 1503 2008 1547 2050; x_wconf 88' lang='lat' dir='ltr'><strong>in</strong></span> <span class='ocrx_word' id='word_1_390' title='bbox 1579 2008 1794 2052; x_wconf 90' lang='lat' dir='ltr'><strong>Ciceronis</strong></span> <span class='ocrx_word' id='word_1_391' title='bbox 1825 2008 2024 2064; x_wconf 89' lang='lat' dir='ltr'><strong>epistulis</strong></span> <span class='ocrx_word' id='word_1_392' title='bbox 2049 2014 2097 2051; x_wconf 83' lang='lat' dir='ltr'><strong>ct</strong></span> <span class='ocrx_word' id='word_1_393' title='bbox 2128 2008 2315 2062; x_wconf 88' lang='lat' dir='ltr'><strong>dialogis</strong></span> <span class='ocrx_word' id='word_1_394' title='bbox 2345 2007 2569 2050; x_wconf 87' lang='lat' dir='ltr'><strong>invenitur.</strong></span> 
     </span>
    </p>

    <p class='ocr_par' dir='ltr' id='par_1_9' title="bbox 269 2064 2833 2240">
     <span class='ocr_line' id='line_1_33' title="bbox 389 2064 2830 2123; baseline -0 -15"><span class='ocrx_word' id='word_1_395' title='bbox 389 2065 542 2119; x_wconf 86' lang='lat' dir='ltr'><strong>Neque</strong></span> <span class='ocrx_word' id='word_1_396' title='bbox 578 2068 726 2118; x_wconf 88' lang='lat' dir='ltr'><strong>„ecce“</strong></span> <span class='ocrx_word' id='word_1_397' title='bbox 762 2064 841 2122; x_wconf 89' lang='lat'><strong>(3),</strong></span> <span class='ocrx_word' id='word_1_398' title='bbox 874 2078 1014 2120; x_wconf 92' lang='lat' dir='ltr'><strong>neque</strong></span> <span class='ocrx_word' id='word_1_399' title='bbox 1050 2066 1121 2118; x_wconf 90' lang='lat' dir='ltr'><strong>„id</strong></span> <span class='ocrx_word' id='word_1_400' title='bbox 1143 2069 1231 2109; x_wconf 87' lang='lat' dir='ltr'><strong>est“</strong></span> <span class='ocrx_word' id='word_1_401' title='bbox 1267 2065 1326 2123; x_wconf 89' lang='lat'><strong>(3.</strong></span> <span class='ocrx_word' id='word_1_402' title='bbox 1349 2066 1409 2123; x_wconf 87' lang='lat'><strong>9),</strong></span> <span class='ocrx_word' id='word_1_403' title='bbox 1443 2079 1527 2120; x_wconf 88' lang='lat' dir='ltr'><strong>quo</strong></span> <span class='ocrx_word' id='word_1_404' title='bbox 1549 2081 1644 2110; x_wconf 91' lang='lat' dir='ltr'><strong>cum</strong></span> <span class='ocrx_word' id='word_1_405' title='bbox 1664 2068 1868 2110; x_wconf 86' lang='lat' dir='ltr'><strong>inrisione</strong></span> <span class='ocrx_word' id='word_1_406' title='bbox 1892 2068 2080 2121; x_wconf 90' lang='lat' dir='ltr'><strong>quadam</strong></span> <span class='ocrx_word' id='word_1_407' title='bbox 2112 2067 2279 2122; x_wconf 89' lang='lat' dir='ltr'><strong>aliquid</strong></span> <span class='ocrx_word' id='word_1_408' title='bbox 2309 2066 2562 2122; x_wconf 85' lang='lat' dir='ltr'><strong>explicatur,</strong></span> <span class='ocrx_word' id='word_1_409' title='bbox 2595 2065 2717 2122; x_wconf 90' lang='lat' dir='ltr'><strong>apud</strong></span> <span class='ocrx_word' id='word_1_410' title='bbox 2748 2065 2830 2108; x_wconf 90' lang='lat' dir='ltr'><strong>Ta-</strong></span> 
     </span>
     <span class='ocr_line' id='line_1_34' title="bbox 272 2124 2833 2180; baseline 0.001 -14"><span class='ocrx_word' id='word_1_411' title='bbox 272 2124 405 2167; x_wconf 88' lang='lat' dir='ltr'><strong>citum</strong></span> <span class='ocrx_word' id='word_1_412' title='bbox 435 2124 643 2179; x_wconf 88' lang='lat' dir='ltr'><strong>reperies;</strong></span> <span class='ocrx_word' id='word_1_413' title='bbox 697 2124 801 2177; x_wconf 90' lang='lat' dir='ltr'><strong>quid</strong></span> <span class='ocrx_word' id='word_1_414' title='bbox 832 2124 992 2167; x_wconf 73' lang='lat' dir='ltr'><strong>refert?</strong></span> <span class='ocrx_word' id='word_1_415' title='bbox 1043 2125 1284 2168; x_wconf 83' lang='lat' dir='ltr'><strong>sexcenties</strong></span> <span class='ocrx_word' id='word_1_416' title='bbox 1322 2125 1441 2180; x_wconf 89' lang='lat' dir='ltr'><strong>apud</strong></span> <span class='ocrx_word' id='word_1_417' title='bbox 1481 2125 1728 2168; x_wconf 89' lang='lat' dir='ltr'><strong>Ciceronem</strong></span> <span class='ocrx_word' id='word_1_418' title='bbox 1773 2126 1968 2179; x_wconf 88' lang='lat' dir='ltr'><strong>aliosque</strong></span> <span class='ocrx_word' id='word_1_419' title='bbox 1999 2126 2147 2180; x_wconf 86' lang='lat' dir='ltr'><strong>habes,</strong></span> <span class='ocrx_word' id='word_1_420' title='bbox 2181 2132 2224 2169; x_wconf 91' lang='lat' dir='ltr'><strong>et</strong></span> <span class='ocrx_word' id='word_1_421' title='bbox 2255 2125 2368 2179; x_wconf 88' lang='lat' dir='ltr'><strong>quod</strong></span> <span class='ocrx_word' id='word_1_422' title='bbox 2398 2125 2633 2168; x_wconf 87' lang='lat' dir='ltr'><strong>maximum</strong></span> <span class='ocrx_word' id='word_1_423' title='bbox 2663 2130 2744 2179; x_wconf 86' lang='lat' dir='ltr'><strong>est,</strong></span> <span class='ocrx_word' id='word_1_424' title='bbox 2776 2124 2833 2168; x_wconf 84' lang='lat' dir='ltr'><strong>ad</strong></span> 
     </span>
     <span class='ocr_line' id='line_1_35' title="bbox 269 2182 2355 2240; baseline 0 -15"><span class='ocrx_word' id='word_1_425' title='bbox 269 2182 467 2226; x_wconf 86' lang='lat' dir='ltr'><strong>adfectus</strong></span> <span class='ocrx_word' id='word_1_426' title='bbox 497 2182 692 2226; x_wconf 90' lang='lat' dir='ltr'><strong>mirantis</strong></span> <span class='ocrx_word' id='word_1_427' title='bbox 724 2187 767 2225; x_wconf 91' lang='lat' dir='ltr'><strong>et</strong></span> <span class='ocrx_word' id='word_1_428' title='bbox 798 2182 945 2237; x_wconf 90' lang='lat' dir='ltr'><strong>lepide</strong></span> <span class='ocrx_word' id='word_1_429' title='bbox 974 2182 1271 2227; x_wconf 89' lang='lat' dir='ltr'><strong>adversarium</strong></span> <span class='ocrx_word' id='word_1_430' title='bbox 1300 2184 1629 2239; x_wconf 90' lang='lat' dir='ltr'><strong>perstringentis</strong></span> <span class='ocrx_word' id='word_1_431' title='bbox 1661 2184 1952 2239; x_wconf 87' lang='lat' dir='ltr'><strong>designandos</strong></span> <span class='ocrx_word' id='word_1_432' title='bbox 1983 2190 2081 2228; x_wconf 87' lang='lat' dir='ltr'><strong>sunt</strong></span> <span class='ocrx_word' id='word_1_433' title='bbox 2112 2184 2355 2240; x_wconf 90' lang='lat' dir='ltr'><strong>peridonea.</strong></span> 
     </span>
    </p>

    <p class='ocr_par' dir='ltr' id='par_1_10' title="bbox 262 2241 2833 2402">
     <span class='ocr_line' id='line_1_36' title="bbox 302 2241 2833 2297; baseline 0.001 -14"><span class='ocrx_word' id='word_1_434' title='bbox 302 2250 309 2256; x_wconf 83' lang='grc'><em>’</em></span> <span class='ocrx_word' id='word_1_435' title='bbox 382 2241 621 2284; x_wconf 91' lang='lat' dir='ltr'><strong>Pronomen</strong></span> <span class='ocrx_word' id='word_1_436' title='bbox 658 2241 801 2297; x_wconf 86' lang='lat' dir='ltr'><strong>„ipse“</strong></span> <span class='ocrx_word' id='word_1_437' title='bbox 836 2241 1147 2284; x_wconf 87' lang='lat' dir='ltr'><strong>incredibiliter</strong></span> <span class='ocrx_word' id='word_1_438' title='bbox 1176 2242 1221 2284; x_wconf 92' lang='lat' dir='ltr'><strong>in</strong></span> <span class='ocrx_word' id='word_1_439' title='bbox 1252 2242 1426 2297; x_wconf 88' lang='lat' dir='ltr'><strong>dialogo</strong></span> <span class='ocrx_word' id='word_1_440' title='bbox 1456 2242 1763 2297; x_wconf 86' lang='lat' dir='ltr'><strong>frequentatur.</strong></span> <span class='ocrx_word' id='word_1_441' title='bbox 1816 2244 1864 2286; x_wconf 87' lang='lat' dir='ltr'><strong>Si</strong></span> <span class='ocrx_word' id='word_1_442' title='bbox 1894 2256 1994 2286; x_wconf 85' lang='lat' dir='ltr'><strong>vero</strong></span> <span class='ocrx_word' id='word_1_443' title='bbox 2024 2248 2221 2285; x_wconf 89' lang='lat' dir='ltr'><strong>naturam</strong></span> <span class='ocrx_word' id='word_1_444' title='bbox 2251 2242 2562 2296; x_wconf 83' lang='lat' dir='ltr'><strong>materiamque</strong></span> <span class='ocrx_word' id='word_1_445' title='bbox 2599 2243 2718 2285; x_wconf 90' lang='lat' dir='ltr'><strong>illius</strong></span> <span class='ocrx_word' id='word_1_446' title='bbox 2749 2242 2833 2285; x_wconf 90' lang='lat' dir='ltr'><strong>dis·</strong></span> 
     </span>
     <span class='ocr_line' id='line_1_37' title="bbox 262 2299 2833 2358; baseline -0 -15"><span class='ocrx_word' id='word_1_447' title='bbox 262 2299 500 2356; x_wconf 86' lang='lat' dir='ltr'><strong>putationis</strong></span> <span class='ocrx_word' id='word_1_448' title='bbox 530 2312 609 2356; x_wconf 90' lang='lat' dir='ltr'><strong>per</strong></span> <span class='ocrx_word' id='word_1_449' title='bbox 640 2300 854 2343; x_wconf 88' lang='lat' dir='ltr'><strong>contraria</strong></span> <span class='ocrx_word' id='word_1_450' title='bbox 876 2302 1031 2356; x_wconf 86' lang='lat' dir='ltr'><strong>euntis,</strong></span> <span class='ocrx_word' id='word_1_451' title='bbox 1063 2305 1212 2344; x_wconf 87' lang='lat' dir='ltr'><strong>vetera</strong></span> <span class='ocrx_word' id='word_1_452' title='bbox 1242 2314 1294 2344; x_wconf 87' lang='lat' dir='ltr'><strong>ac</strong></span> <span class='ocrx_word' id='word_1_453' title='bbox 1325 2302 1564 2345; x_wconf 87' lang='lat' dir='ltr'><strong>recentiora</strong></span> <span class='ocrx_word' id='word_1_454' title='bbox 1595 2303 1883 2358; x_wconf 88' lang='lat' dir='ltr'><strong>comparantis</strong></span> <span class='ocrx_word' id='word_1_455' title='bbox 1914 2308 2029 2345; x_wconf 88' lang='lat' dir='ltr'><strong>recte</strong></span> <span class='ocrx_word' id='word_1_456' title='bbox 2061 2302 2370 2357; x_wconf 78' lang='lat' dir='ltr'><strong>aestimaveris,</strong></span> <span class='ocrx_word' id='word_1_457' title='bbox 2403 2301 2591 2357; x_wconf 85' lang='lat' dir='ltr'><strong>crebrior</strong></span> <span class='ocrx_word' id='word_1_458' title='bbox 2621 2302 2833 2358; x_wconf 88' lang='lat' dir='ltr'><strong>pronomi-</strong></span> 
     </span>
     <span class='ocr_line' id='line_1_38' title="bbox 266 2359 945 2402; baseline 0 0"><span class='ocrx_word' id='word_1_459' title='bbox 266 2359 333 2402; x_wconf 90' lang='lat' dir='ltr'><strong>nis</strong></span> <span class='ocrx_word' id='word_1_460' title='bbox 364 2373 468 2402; x_wconf 90' lang='lat' dir='ltr'><strong>usus</strong></span> <span class='ocrx_word' id='word_1_461' title='bbox 498 2359 625 2401; x_wconf 89' lang='lat' dir='ltr'><strong>facile</strong></span> <span class='ocrx_word' id='word_1_462' title='bbox 657 2360 945 2402; x_wconf 85' lang='lat' dir='ltr'><strong>excusabitur.</strong></span> 
     </span>
    </p>

    <p class='ocr_par' dir='ltr' id='par_1_11' title="bbox 262 2417 2834 2650">
     <span class='ocr_line' id='line_1_39' title="bbox 379 2417 2834 2476; baseline 0.001 -15"><span class='ocrx_word' id='word_1_463' title='bbox 379 2418 602 2462; x_wconf 89' lang='lat' dir='ltr'><strong>Permulta</strong></span> <span class='ocrx_word' id='word_1_464' title='bbox 633 2420 850 2462; x_wconf 79' lang='lat' dir='ltr'><strong>oratoriae</strong></span> <span class='ocrx_word' id='word_1_465' title='bbox 881 2417 1089 2463; x_wconf 88' lang='lat' dir='ltr'><strong>dictiones</strong></span> <span class='ocrx_word' id='word_1_466' title='bbox 1122 2419 1241 2475; x_wconf 90' lang='lat' dir='ltr'><strong>apud</strong></span> <span class='ocrx_word' id='word_1_467' title='bbox 1272 2420 1522 2464; x_wconf 87' lang='lat' dir='ltr'><strong>historicum</strong></span> <span class='ocrx_word' id='word_1_468' title='bbox 1559 2420 1756 2464; x_wconf 83' lang='lat' dir='ltr'><strong>Tacitum</strong></span> <span class='ocrx_word' id='word_1_469' title='bbox 1797 2421 1955 2464; x_wconf 87' lang='lat' dir='ltr'><strong>frustra</strong></span> <span class='ocrx_word' id='word_1_470' title='bbox 1992 2434 2189 2474; x_wconf 79' lang='lat' dir='ltr'><strong>quaeres:</strong></span> <span class='ocrx_word' id='word_1_471' title='bbox 2233 2434 2319 2463; x_wconf 91' lang='lat' dir='ltr'><strong>non</strong></span> <span class='ocrx_word' id='word_1_472' title='bbox 2355 2419 2501 2464; x_wconf 82' lang='lat' dir='ltr'><strong>miror:</strong></span> <span class='ocrx_word' id='word_1_473' title='bbox 2553 2421 2772 2476; x_wconf 88' lang='lat' dir='ltr'><strong>permulta</strong></span> <span class='ocrx_word' id='word_1_474' title='bbox 2807 2434 2834 2463; x_wconf 89' lang='lat' dir='ltr'><strong>a</strong></span> 
     </span>
     <span class='ocr_line' id='line_1_40' title="bbox 262 2476 2829 2535; baseline 0.002 -16"><span class='ocrx_word' id='word_1_475' title='bbox 262 2476 467 2520; x_wconf 89' lang='lat' dir='ltr'><strong>Cicerone</strong></span> <span class='ocrx_word' id='word_1_476' title='bbox 497 2482 682 2533; x_wconf 89' lang='lat' dir='ltr'><strong>sumpta,</strong></span> <span class='ocrx_word' id='word_1_477' title='bbox 715 2491 933 2533; x_wconf 89' lang='lat' dir='ltr'><strong>perpauca</strong></span> <span class='ocrx_word' id='word_1_478' title='bbox 964 2478 1082 2533; x_wconf 88' lang='lat' dir='ltr'><strong>apud</strong></span> <span class='ocrx_word' id='word_1_479' title='bbox 1112 2479 1311 2522; x_wconf 83' lang='lat' dir='ltr'><strong>Tacitum</strong></span> <span class='ocrx_word' id='word_1_480' title='bbox 1342 2478 1483 2533; x_wconf 83' lang='lat' dir='ltr'><strong>obvia,</strong></span> <span class='ocrx_word' id='word_1_481' title='bbox 1516 2480 1652 2522; x_wconf 90' lang='lat' dir='ltr'><strong>multa</strong></span> <span class='ocrx_word' id='word_1_482' title='bbox 1684 2479 1950 2531; x_wconf 86' lang='lat' dir='ltr'><strong>Quintiliano</strong></span> <span class='ocrx_word' id='word_1_483' title='bbox 1980 2480 2155 2534; x_wconf 86' lang='lat' dir='ltr'><strong>usitata,</strong></span> <span class='ocrx_word' id='word_1_484' title='bbox 2187 2479 2396 2522; x_wconf 90' lang='lat' dir='ltr'><strong>nonnulla</strong></span> <span class='ocrx_word' id='word_1_485' title='bbox 2432 2492 2456 2521; x_wconf 95' lang='lat' dir='ltr'><strong>e</strong></span> <span class='ocrx_word' id='word_1_486' title='bbox 2488 2480 2616 2534; x_wconf 91' lang='lat' dir='ltr'><strong>genio</strong></span> <span class='ocrx_word' id='word_1_487' title='bbox 2653 2480 2829 2535; x_wconf 81' lang='lat' dir='ltr'><strong>scripto-</strong></span> 
     </span>
     <span class='ocr_line' id='line_1_41' title="bbox 262 2535 2831 2594; baseline 0 -14"><span class='ocrx_word' id='word_1_488' title='bbox 262 2535 321 2580; x_wconf 89' lang='lat' dir='ltr'><strong>ris</strong></span> <span class='ocrx_word' id='word_1_489' title='bbox 351 2535 487 2591; x_wconf 90' lang='lat' dir='ltr'><strong>ipsius</strong></span> <span class='ocrx_word' id='word_1_490' title='bbox 514 2536 664 2592; x_wconf 86' lang='lat' dir='ltr'><strong>petita.</strong></span> <span class='ocrx_word' id='word_1_491' title='bbox 696 2537 847 2591; x_wconf 85' lang='lat' dir='ltr'><strong>Neque</strong></span> <span class='ocrx_word' id='word_1_492' title='bbox 878 2536 1036 2580; x_wconf 88' lang='lat' dir='ltr'><strong>offendi</strong></span> <span class='ocrx_word' id='word_1_493' title='bbox 1068 2536 1191 2581; x_wconf 89' lang='lat' dir='ltr'><strong>decet</strong></span> <span class='ocrx_word' id='word_1_494' title='bbox 1222 2538 1445 2581; x_wconf 83' lang='lat' dir='ltr'><strong>voca-bulis</strong></span> <span class='ocrx_word' id='word_1_495' title='bbox 1475 2550 1543 2581; x_wconf 89' lang='lat' dir='ltr'><strong>res</strong></span> <span class='ocrx_word' id='word_1_496' title='bbox 1564 2538 1808 2582; x_wconf 80' lang='lat' dir='ltr'><strong>‘communis</strong></span> <span class='ocrx_word' id='word_1_497' title='bbox 1840 2539 1957 2581; x_wconf 82' lang='lat' dir='ltr'><strong>vitae</strong></span> <span class='ocrx_word' id='word_1_498' title='bbox 1988 2538 2331 2594; x_wconf 86' lang='lat' dir='ltr'><strong>significantibus</strong></span> <span class='ocrx_word' id='word_1_499' title='bbox 2352 2543 2396 2580; x_wconf 91' lang='lat' dir='ltr'><strong>et</strong></span> <span class='ocrx_word' id='word_1_500' title='bbox 2417 2539 2537 2594; x_wconf 88' lang='lat' dir='ltr'><strong>apud</strong></span> <span class='ocrx_word' id='word_1_501' title='bbox 2566 2539 2831 2593; x_wconf 87' lang='lat' dir='ltr'><strong>Suetonium,</strong></span> 
     </span>
     <span class='ocr_line' id='line_1_42' title="bbox 263 2594 792 2650; baseline 0.004 -15"><span class='ocrx_word' id='word_1_502' title='bbox 263 2594 467 2650; x_wconf 80' lang='lat' dir='ltr'><strong>Plinium,</strong></span> <span class='ocrx_word' id='word_1_503' title='bbox 501 2596 611 2639; x_wconf 87' lang='lat' dir='ltr'><strong>alios</strong></span> <span class='ocrx_word' id='word_1_504' title='bbox 643 2597 792 2639; x_wconf 89' lang='lat' dir='ltr'><strong>obviis.</strong></span> 
     </span>
    </p>

    <p class='ocr_par' dir='ltr' id='par_1_12' title="bbox 261 2653 2832 2770">
     <span class='ocr_line' id='line_1_43' title="bbox 383 2653 2832 2711; baseline 0.001 -16"><span class='ocrx_word' id='word_1_505' title='bbox 383 2653 441 2696; x_wconf 89' lang='lat' dir='ltr'><strong>At</strong></span> <span class='ocrx_word' id='word_1_506' title='bbox 471 2667 558 2697; x_wconf 93' lang='lat' dir='ltr'><strong>non</strong></span> <span class='ocrx_word' id='word_1_507' title='bbox 588 2655 726 2698; x_wconf 89' lang='lat' dir='ltr'><strong>solum</strong></span> <span class='ocrx_word' id='word_1_508' title='bbox 756 2669 783 2696; x_wconf 88' lang='lat' dir='ltr'><strong>a</strong></span> <span class='ocrx_word' id='word_1_509' title='bbox 814 2654 969 2697; x_wconf 88' lang='lat' dir='ltr'><strong>Tacito</strong></span> <span class='ocrx_word' id='word_1_510' title='bbox 998 2655 1191 2709; x_wconf 87' lang='lat' dir='ltr'><strong>potuisse</strong></span> <span class='ocrx_word' id='word_1_511' title='bbox 1222 2656 1350 2698; x_wconf 88' lang='lat' dir='ltr'><strong>scribi</strong></span> <span class='ocrx_word' id='word_1_512' title='bbox 1382 2655 1617 2710; x_wconf 85' lang='lat' dir='ltr'><strong>dialogum,</strong></span> <span class='ocrx_word' id='word_1_513' title='bbox 1647 2655 1726 2699; x_wconf 84' lang='lat' dir='ltr'><strong>sed</strong></span> <span class='ocrx_word' id='word_1_514' title='bbox 1747 2661 1789 2698; x_wconf 89' lang='lat' dir='ltr'><strong>ct</strong></span> <span class='ocrx_word' id='word_1_515' title='bbox 1811 2656 2018 2711; x_wconf 88' lang='lat' dir='ltr'><strong>scriptum</strong></span> <span class='ocrx_word' id='word_1_516' title='bbox 2039 2670 2134 2700; x_wconf 91' lang='lat' dir='ltr'><strong>esse</strong></span> <span class='ocrx_word' id='word_1_517' title='bbox 2155 2657 2245 2699; x_wconf 82' lang='lat' dir='ltr'><strong>veri</strong></span> <span class='ocrx_word' id='word_1_518' title='bbox 2266 2655 2530 2698; x_wconf 89' lang='lat' dir='ltr'><strong>simillimum</strong></span> <span class='ocrx_word' id='word_1_519' title='bbox 2550 2656 2701 2710; x_wconf 90' lang='lat' dir='ltr'><strong>videri,</strong></span> <span class='ocrx_word' id='word_1_520' title='bbox 2735 2669 2832 2699; x_wconf 91' lang='lat' dir='ltr'><strong>cum</strong></span> 
     </span>
     <span class='ocr_line' id='line_1_44' title="bbox 261 2710 2139 2770; baseline 0.002 -17"><span class='ocrx_word' id='word_1_521' title='bbox 261 2710 434 2767; x_wconf 85' lang='lat' dir='ltr'><strong>optimis</strong></span> <span class='ocrx_word' id='word_1_522' title='bbox 466 2713 601 2755; x_wconf 92' lang='lat' dir='ltr'><strong>nostri</strong></span> <span class='ocrx_word' id='word_1_523' title='bbox 631 2713 835 2768; x_wconf 89' lang='lat' dir='ltr'><strong>temporis</strong></span> <span class='ocrx_word' id='word_1_524' title='bbox 868 2713 1234 2756; x_wconf 85' lang='lat' dir='ltr'><strong>existimatoribus</strong></span> <span class='ocrx_word' id='word_1_525' title='bbox 1266 2720 1308 2756; x_wconf 92' lang='lat' dir='ltr'><strong>et</strong></span> <span class='ocrx_word' id='word_1_526' title='bbox 1338 2714 1646 2770; x_wconf 89' lang='lat' dir='ltr'><strong>interpretibus</strong></span> <span class='ocrx_word' id='word_1_527' title='bbox 1678 2714 1821 2757; x_wconf 89' lang='lat' dir='ltr'><strong>Taciti</strong></span> <span class='ocrx_word' id='word_1_528' title='bbox 1852 2715 2139 2758; x_wconf 86' lang='lat' dir='ltr'><strong>adfirmamus.</strong></span> 
     </span>
    </p>

    <p class='ocr_par' dir='ltr' id='par_1_13' title="bbox 262 2769 2834 2931">
     <span class='ocr_line' id='line_1_45' title="bbox 384 2769 2834 2828; baseline 0.002 -17"><span class='ocrx_word' id='word_1_529' title='bbox 384 2769 566 2826; x_wconf 91' lang='lat' dir='ltr'><strong>Primus,</strong></span> <span class='ocrx_word' id='word_1_530' title='bbox 600 2772 675 2825; x_wconf 90' lang='lat' dir='ltr'><strong>qui</strong></span> <span class='ocrx_word' id='word_1_531' title='bbox 706 2772 927 2826; x_wconf 90' lang='lat' dir='ltr'><strong>dialogum</strong></span> <span class='ocrx_word' id='word_1_532' title='bbox 959 2777 1001 2815; x_wconf 89' lang='lat' dir='ltr'><strong>et</strong></span> <span class='ocrx_word' id='word_1_533' title='bbox 1033 2772 1091 2815; x_wconf 90' lang='lat' dir='ltr'><strong>ad</strong></span> <span class='ocrx_word' id='word_1_534' title='bbox 1121 2786 1278 2815; x_wconf 89' lang='lat' dir='ltr'><strong>novam</strong></span> <span class='ocrx_word' id='word_1_535' title='bbox 1309 2777 1498 2816; x_wconf 89' lang='lat' dir='ltr'><strong>aetatem</strong></span> <span class='ocrx_word' id='word_1_536' title='bbox 1540 2786 1780 2828; x_wconf 85' lang='lat' dir='ltr'><strong>novamque</strong></span> <span class='ocrx_word' id='word_1_537' title='bbox 1820 2774 2036 2816; x_wconf 88' lang='lat' dir='ltr'><strong>scribendi</strong></span> <span class='ocrx_word' id='word_1_538' title='bbox 2067 2775 2275 2817; x_wconf 88' lang='lat' dir='ltr'><strong>rationem</strong></span> <span class='ocrx_word' id='word_1_539' title='bbox 2311 2779 2441 2827; x_wconf 86' lang='lat' dir='ltr'><strong>atque</strong></span> <span class='ocrx_word' id='word_1_540' title='bbox 2481 2773 2753 2816; x_wconf 90' lang='lat' dir='ltr'><strong>voluntatem</strong></span> <span class='ocrx_word' id='word_1_541' title='bbox 2791 2779 2834 2816; x_wconf 89' lang='lat' dir='ltr'><strong>et</strong></span> 
     </span>
     <span class='ocr_line' id='line_1_46' title="bbox 262 2827 2832 2888; baseline 0.002 -19"><span class='ocrx_word' id='word_1_542' title='bbox 262 2827 321 2870; x_wconf 88' lang='lat' dir='ltr'><strong>ad</strong></span> <span class='ocrx_word' id='word_1_543' title='bbox 369 2828 504 2870; x_wconf 84' lang='lat' dir='ltr'><strong>vitam</strong></span> <span class='ocrx_word' id='word_1_544' title='bbox 554 2830 786 2884; x_wconf 88' lang='lat' dir='ltr'><strong>studiaque</strong></span> <span class='ocrx_word' id='word_1_545' title='bbox 837 2831 981 2873; x_wconf 88' lang='lat' dir='ltr'><strong>Taciti</strong></span> <span class='ocrx_word' id='word_1_546' title='bbox 1034 2832 1278 2874; x_wconf 84' lang='lat' dir='ltr'><strong>accuratius</strong></span> <span class='ocrx_word' id='word_1_547' title='bbox 1328 2833 1491 2887; x_wconf 84' lang='lat' dir='ltr'><strong>retulit,</strong></span> <span class='ocrx_word' id='word_1_548' title='bbox 1542 2839 1648 2888; x_wconf 85' lang='lat' dir='ltr'><strong>erat,</strong></span> <span class='ocrx_word' id='word_1_549' title='bbox 1698 2838 1906 2887; x_wconf 88' lang='lat' dir='ltr'><strong>quantum</strong></span> <span class='ocrx_word' id='word_1_550' title='bbox 1937 2833 2038 2887; x_wconf 89' lang='lat' dir='ltr'><strong>scio,</strong></span> <span class='ocrx_word' id='word_1_551' title='bbox 2079 2833 2173 2875; x_wconf 90' lang='lat' dir='ltr'><strong>Car.</strong></span> <span class='ocrx_word' id='word_1_552' title='bbox 2204 2832 2521 2888; x_wconf 79' lang='lat' dir='ltr'><strong>Nipperdeyus,</strong></span> <span class='ocrx_word' id='word_1_553' title='bbox 2555 2846 2684 2885; x_wconf 90' lang='lat' dir='ltr'><strong>quem</strong></span> <span class='ocrx_word' id='word_1_554' title='bbox 2716 2833 2832 2875; x_wconf 88' lang='lat' dir='ltr'><strong>Frid.</strong></span> 
     </span>
     <span class='ocr_line' id='line_1_47' title="bbox 263 2887 771 2931; baseline 0.004 -2"><span class='ocrx_word' id='word_1_555' title='bbox 263 2887 460 2930; x_wconf 86' lang='lat' dir='ltr'><strong>Haaseus</strong></span> <span class='ocrx_word' id='word_1_556' title='bbox 490 2892 663 2931; x_wconf 91' lang='lat' dir='ltr'><strong>secutus</strong></span> <span class='ocrx_word' id='word_1_557' title='bbox 694 2894 771 2931; x_wconf 90' lang='lat' dir='ltr'><strong>est.</strong></span> 
     </span>
    </p>

    <p class='ocr_par' dir='ltr' id='par_1_14' title="bbox 261 2945 2833 3403">
     <span class='ocr_line' id='line_1_48' title="bbox 320 2945 2833 3004; baseline 0.002 -17"><span class='ocrx_word' id='word_1_558' title='bbox 320 2945 523 2988; x_wconf 89' lang='lat' dir='ltr'><strong>Dicturus</strong></span> <span class='ocrx_word' id='word_1_559' title='bbox 560 2959 655 2988; x_wconf 85' lang='lat' dir='ltr'><strong>sum</strong></span> <span class='ocrx_word' id='word_1_560' title='bbox 695 2946 750 2988; x_wconf 89' lang='lat' dir='ltr'><strong>de</strong></span> <span class='ocrx_word' id='word_1_561' title='bbox 783 2948 1077 2998; x_wconf 85' lang='lat' dir='ltr'><strong>Quintilianeo</strong></span> <span class='ocrx_word' id='word_1_562' title='bbox 1113 2950 1320 2992; x_wconf 89' lang='lat' dir='ltr'><strong>sermonis</strong></span> <span class='ocrx_word' id='word_1_563' title='bbox 1356 2950 1532 2992; x_wconf 85' lang='lat' dir='ltr'><strong>saeculo</strong></span> <span class='ocrx_word' id='word_1_564' title='bbox 1561 2954 1603 2991; x_wconf 87' lang='lat' dir='ltr'><strong>et</strong></span> <span class='ocrx_word' id='word_1_565' title='bbox 1634 2949 1857 2992; x_wconf 87' lang='lat' dir='ltr'><strong>rhetoricis</strong></span> <span class='ocrx_word' id='word_1_566' title='bbox 1889 2950 2029 2992; x_wconf 79' lang='lat' dir='ltr'><strong>Taciti</strong></span> <span class='ocrx_word' id='word_1_567' title='bbox 2060 2948 2225 2996; x_wconf 82' lang='lat' dir='ltr'><strong>studiis.</strong></span> <span class='ocrx_word' id='word_1_568' title='bbox 2287 2949 2500 3004; x_wconf 88' lang='lat' dir='ltr'><strong>Dialogus</strong></span> <span class='ocrx_word' id='word_1_569' title='bbox 2541 2965 2627 2993; x_wconf 91' lang='lat' dir='ltr'><strong>non</strong></span> <span class='ocrx_word' id='word_1_570' title='bbox 2656 2949 2833 3004; x_wconf 87' lang='lat' dir='ltr'><strong>fingitur</strong></span> 
     </span>
     <span class='ocr_line' id='line_1_49' title="bbox 261 3003 2830 3065; baseline 0.002 -17"><span class='ocrx_word' id='word_1_571' title='bbox 261 3003 388 3049; x_wconf 90' lang='lat' dir='ltr'><strong>modo</strong></span> <span class='ocrx_word' id='word_1_572' title='bbox 419 3003 592 3048; x_wconf 89' lang='lat' dir='ltr'><strong>habitus</strong></span> <span class='ocrx_word' id='word_1_573' title='bbox 624 3011 718 3048; x_wconf 84' lang='lat' dir='ltr'><strong>esse</strong></span> <span class='ocrx_word' id='word_1_574' title='bbox 748 3006 828 3049; x_wconf 91' lang='lat' dir='ltr'><strong>sub</strong></span> <span class='ocrx_word' id='word_1_575' title='bbox 851 3007 1108 3062; x_wconf 88' lang='lat' dir='ltr'><strong>Vespasiani</strong></span> <span class='ocrx_word' id='word_1_576' title='bbox 1137 3008 1329 3064; x_wconf 91' lang='lat' dir='ltr'><strong>imperio,</strong></span> <span class='ocrx_word' id='word_1_577' title='bbox 1363 3008 1442 3052; x_wconf 87' lang='lat' dir='ltr'><strong>sed</strong></span> <span class='ocrx_word' id='word_1_578' title='bbox 1472 3009 1568 3065; x_wconf 88' lang='lat' dir='ltr'><strong>ipsa</strong></span> <span class='ocrx_word' id='word_1_579' title='bbox 1599 3008 1805 3052; x_wconf 85' lang='lat' dir='ltr'><strong>orationis</strong></span> <span class='ocrx_word' id='word_1_580' title='bbox 1826 3009 1991 3053; x_wconf 89' lang='lat' dir='ltr'><strong>indoles</strong></span> <span class='ocrx_word' id='word_1_581' title='bbox 2022 3009 2131 3052; x_wconf 90' lang='lat' dir='ltr'><strong>hanc</strong></span> <span class='ocrx_word' id='word_1_582' title='bbox 2159 3007 2367 3064; x_wconf 89' lang='lat' dir='ltr'><strong>epocham</strong></span> <span class='ocrx_word' id='word_1_583' title='bbox 2388 3009 2645 3052; x_wconf 87' lang='lat' dir='ltr'><strong>Flavianam</strong></span> <span class='ocrx_word' id='word_1_584' title='bbox 2676 3008 2830 3052; x_wconf 88' lang='lat' dir='ltr'><strong>reddit.</strong></span> 
     </span>
     <span class='ocr_line' id='line_1_50' title="bbox 261 3064 2830 3124; baseline 0.001 -17"><span class='ocrx_word' id='word_1_585' title='bbox 261 3064 461 3108; x_wconf 90' lang='lat' dir='ltr'><strong>Tacitum</strong></span> <span class='ocrx_word' id='word_1_586' title='bbox 490 3064 771 3118; x_wconf 88' lang='lat' dir='ltr'><strong>regnantibus</strong></span> <span class='ocrx_word' id='word_1_587' title='bbox 801 3065 972 3109; x_wconf 86' lang='lat' dir='ltr'><strong>Flaviis</strong></span> <span class='ocrx_word' id='word_1_588' title='bbox 998 3068 1161 3121; x_wconf 84' lang='lat' dir='ltr'><strong>primos</strong></span> <span class='ocrx_word' id='word_1_589' title='bbox 1190 3068 1371 3112; x_wconf 87' lang='lat' dir='ltr'><strong>honores</strong></span> <span class='ocrx_word' id='word_1_590' title='bbox 1404 3068 1688 3123; x_wconf 87' lang='lat' dir='ltr'><strong>capessivisse</strong></span> <span class='ocrx_word' id='word_1_591' title='bbox 1719 3068 1855 3124; x_wconf 90' lang='lat' dir='ltr'><strong>ipsius</strong></span> <span class='ocrx_word' id='word_1_592' title='bbox 1887 3069 2140 3112; x_wconf 89' lang='lat' dir='ltr'><strong>testimoniis</strong></span> <span class='ocrx_word' id='word_1_593' title='bbox 2172 3069 2379 3112; x_wconf 88' lang='lat' dir='ltr'><strong>novimus.</strong></span> <span class='ocrx_word' id='word_1_594' title='bbox 2417 3069 2535 3111; x_wconf 91' lang='lat' dir='ltr'><strong>Haec</strong></span> <span class='ocrx_word' id='word_1_595' title='bbox 2566 3074 2710 3111; x_wconf 89' lang='lat' dir='ltr'><strong>autem</strong></span> <span class='ocrx_word' id='word_1_596' title='bbox 2730 3068 2830 3111; x_wconf 88' lang='lat' dir='ltr'><strong>Fla·</strong></span> 
     </span>
     <span class='ocr_line' id='line_1_51' title="bbox 265 3122 2831 3182; baseline 0.002 -17"><span class='ocrx_word' id='word_1_597' title='bbox 265 3123 397 3166; x_wconf 83' lang='lat' dir='ltr'><strong>viana</strong></span> <span class='ocrx_word' id='word_1_598' title='bbox 426 3127 549 3166; x_wconf 89' lang='lat' dir='ltr'><strong>aetas</strong></span> <span class='ocrx_word' id='word_1_599' title='bbox 581 3122 762 3176; x_wconf 87' lang='lat' dir='ltr'><strong>insignis</strong></span> <span class='ocrx_word' id='word_1_600' title='bbox 794 3128 887 3166; x_wconf 89' lang='lat' dir='ltr'><strong>erat</strong></span> <span class='ocrx_word' id='word_1_601' title='bbox 917 3126 1156 3169; x_wconf 89' lang='lat' dir='ltr'><strong>mutatione</strong></span> <span class='ocrx_word' id='word_1_602' title='bbox 1188 3126 1378 3179; x_wconf 87' lang='lat' dir='ltr'><strong>quadam</strong></span> <span class='ocrx_word' id='word_1_603' title='bbox 1409 3127 1646 3171; x_wconf 85' lang='lat' dir='ltr'><strong>animorum</strong></span> <span class='ocrx_word' id='word_1_604' title='bbox 1677 3132 1720 3170; x_wconf 91' lang='lat' dir='ltr'><strong>et</strong></span> <span class='ocrx_word' id='word_1_605' title='bbox 1750 3126 2002 3181; x_wconf 89' lang='lat' dir='ltr'><strong>studiorum,</strong></span> <span class='ocrx_word' id='word_1_606' title='bbox 2045 3127 2261 3182; x_wconf 85' lang='lat' dir='ltr'><strong>flagrabat</strong></span> <span class='ocrx_word' id='word_1_607' title='bbox 2308 3128 2420 3170; x_wconf 89' lang='lat' dir='ltr'><strong>enim</strong></span> <span class='ocrx_word' id='word_1_608' title='bbox 2450 3132 2666 3170; x_wconf 88' lang='lat' dir='ltr'><strong>certamen</strong></span> <span class='ocrx_word' id='word_1_609' title='bbox 2697 3127 2831 3181; x_wconf 89' lang='lat' dir='ltr'><strong>quod-</strong></span> 
     </span>
     <span class='ocr_line' id='line_1_52' title="bbox 266 3179 2831 3242; baseline 0.002 -17"><span class='ocrx_word' id='word_1_610' title='bbox 266 3179 367 3225; x_wconf 90' lang='lat' dir='ltr'><strong>dam</strong></span> <span class='ocrx_word' id='word_1_611' title='bbox 397 3181 513 3226; x_wconf 89' lang='lat' dir='ltr'><strong>vitae</strong></span> <span class='ocrx_word' id='word_1_612' title='bbox 544 3180 601 3225; x_wconf 91' lang='lat' dir='ltr'><strong>ad</strong></span> <span class='ocrx_word' id='word_1_613' title='bbox 631 3180 953 3237; x_wconf 84' lang='lat' dir='ltr'><strong>simplicitatem</strong></span> <span class='ocrx_word' id='word_1_614' title='bbox 984 3182 1186 3241; x_wconf 88' lang='lat' dir='ltr'><strong>priscam,</strong></span> <span class='ocrx_word' id='word_1_615' title='bbox 1218 3185 1490 3240; x_wconf 88' lang='lat' dir='ltr'><strong>eloquentiae</strong></span> <span class='ocrx_word' id='word_1_616' title='bbox 1521 3184 1579 3228; x_wconf 89' lang='lat' dir='ltr'><strong>ad</strong></span> <span class='ocrx_word' id='word_1_617' title='bbox 1610 3186 1797 3242; x_wconf 89' lang='lat' dir='ltr'><strong>priscam</strong></span> <span class='ocrx_word' id='word_1_618' title='bbox 1827 3186 2034 3230; x_wconf 87' lang='lat' dir='ltr'><strong>sermonis</strong></span> <span class='ocrx_word' id='word_1_619' title='bbox 2066 3186 2358 3241; x_wconf 85' lang='lat' dir='ltr'><strong>integritatem</strong></span> <span class='ocrx_word' id='word_1_620' title='bbox 2389 3184 2668 3229; x_wconf 85' lang='lat' dir='ltr'><strong>revocandae.</strong></span> <span class='ocrx_word' id='word_1_621' title='bbox 2712 3185 2831 3230; x_wconf 86' lang='lat' dir='ltr'><strong>Haec</strong></span> 
     </span>
     <span class='ocr_line' id='line_1_53' title="bbox 264 3240 2832 3302; baseline 0.001 -17"><span class='ocrx_word' id='word_1_622' title='bbox 264 3240 502 3286; x_wconf 87' lang='lat' dir='ltr'><strong>animorum</strong></span> <span class='ocrx_word' id='word_1_623' title='bbox 531 3240 709 3285; x_wconf 92' lang='lat' dir='ltr'><strong>mutatio</strong></span> <span class='ocrx_word' id='word_1_624' title='bbox 740 3240 921 3284; x_wconf 87' lang='lat' dir='ltr'><strong>testibus</strong></span> <span class='ocrx_word' id='word_1_625' title='bbox 953 3241 1106 3285; x_wconf 88' lang='lat' dir='ltr'><strong>Tacito</strong></span> <span class='ocrx_word' id='word_1_626' title='bbox 1138 3247 1182 3286; x_wconf 92' lang='lat' dir='ltr'><strong>et</strong></span> <span class='ocrx_word' id='word_1_627' title='bbox 1214 3243 1387 3300; x_wconf 89' lang='lat' dir='ltr'><strong>dialogo</strong></span> <span class='ocrx_word' id='word_1_628' title='bbox 1418 3244 1476 3287; x_wconf 90' lang='lat' dir='ltr'><strong>ad</strong></span> <span class='ocrx_word' id='word_1_629' title='bbox 1507 3245 1822 3302; x_wconf 85' lang='lat' dir='ltr'><strong>Vespasianum</strong></span> <span class='ocrx_word' id='word_1_630' title='bbox 1853 3246 2079 3289; x_wconf 87' lang='lat' dir='ltr'><strong>referenda</strong></span> <span class='ocrx_word' id='word_1_631' title='bbox 2111 3250 2175 3288; x_wconf 89' lang='lat' dir='ltr'><strong>est</strong></span> <span class='ocrx_word' id='word_1_632' title='bbox 2206 3250 2410 3298; x_wconf 85' lang='lat' dir='ltr'><strong>tanquam</strong></span> <span class='ocrx_word' id='word_1_633' title='bbox 2440 3243 2498 3285; x_wconf 87' lang='lat' dir='ltr'><strong>ad</strong></span> <span class='ocrx_word' id='word_1_634' title='bbox 2536 3249 2758 3289; x_wconf 88' lang='lat' dir='ltr'><strong>auctorem</strong></span> <span class='ocrx_word' id='word_1_635' title='bbox 2789 3251 2832 3288; x_wconf 89' lang='lat' dir='ltr'><strong>et</strong></span> 
     </span>
     <span class='ocr_line' id='line_1_54' title="bbox 264 3301 2833 3355; baseline 0.002 -13"><span class='ocrx_word' id='word_1_636' title='bbox 264 3302 527 3355; x_wconf 80' lang='lat' dir='ltr'><strong>exemplum3</strong></span> <span class='ocrx_word' id='word_1_637' title='bbox 559 3301 801 3343; x_wconf 89' lang='lat' dir='ltr'><strong>studiorum</strong></span> <span class='ocrx_word' id='word_1_638' title='bbox 819 3301 864 3341; x_wconf 90' lang='lat' dir='ltr'><strong>in</strong></span> <span class='ocrx_word' id='word_1_639' title='bbox 884 3301 1036 3342; x_wconf 89' lang='lat' dir='ltr'><strong>melius</strong></span> <span class='ocrx_word' id='word_1_640' title='bbox 1067 3308 1328 3344; x_wconf 90' lang='lat' dir='ltr'><strong>mutatorum</strong></span> <span class='ocrx_word' id='word_1_641' title='bbox 1359 3311 1578 3347; x_wconf 85' lang='lat' dir='ltr'><strong>auctorem</strong></span> <span class='ocrx_word' id='word_1_642' title='bbox 1609 3311 1652 3346; x_wconf 87' lang='lat' dir='ltr'><strong>et</strong></span> <span class='ocrx_word' id='word_1_643' title='bbox 1681 3312 1889 3347; x_wconf 87' lang='lat' dir='ltr'><strong>rectorem</strong></span> <span class='ocrx_word' id='word_1_644' title='bbox 1920 3307 2104 3346; x_wconf 88' lang='lat' dir='ltr'><strong>Fabium</strong></span> <span class='ocrx_word' id='word_1_645' title='bbox 2136 3304 2447 3353; x_wconf 85' lang='lat' dir='ltr'><strong>Quintilianum</strong></span> <span class='ocrx_word' id='word_1_646' title='bbox 2469 3305 2690 3347; x_wconf 87' lang='lat' dir='ltr'><strong>exstitisse</strong></span> <span class='ocrx_word' id='word_1_647' title='bbox 2720 3305 2833 3346; x_wconf 89' lang='lat' dir='ltr'><strong>inter</strong></span> 
     </span>
     <span class='ocr_line' id='line_1_55' title="bbox 263 3362 622 3403; baseline 0 -2"><span class='ocrx_word' id='word_1_648' title='bbox 263 3371 410 3402; x_wconf 91' lang='lat' dir='ltr'><strong>omnes</strong></span> <span class='ocrx_word' id='word_1_649' title='bbox 442 3362 622 3403; x_wconf 89' lang='lat' dir='ltr'><strong>constat.</strong></span> 
     </span>
    </p>
   </div>
   <div class='ocr_carea' id='block_1_3' title="bbox 2958 0 3147 180">
    <p class='ocr_par' dir='ltr' id='par_1_15' title="bbox 2974 0 3147 105">
     <span class='ocr_line' id='line_1_56' title="bbox 2974 0 3147 105; baseline -0.029 -37"><span class='ocrx_word' id='word_1_650' title='bbox 2974 0 3147 105; x_wconf 44' lang='grc' dir='ltr'><strong>’Ἠ</strong></span> 
     </span>
    </p>

    <p class='ocr_par' dir='ltr' id='par_1_16' title="bbox 2994 44 3103 87">
     <span class='ocr_line' id='line_1_57' title="bbox 2994 60 3103 87; baseline -0.009 -4"><span class='ocrx_word' id='word_1_651' title='bbox 2994 60 3049 87; x_wconf 55' lang='grc' dir='ltr'><strong>Ῠὶζω»</strong></span> <span class='ocrx_word' id='word_1_652' title='bbox 3099 78 3103 86; x_wconf 48' lang='lat'>2</span> 
     </span>
    </p>

    <p class='ocr_par' dir='ltr' id='par_1_17' title="bbox 2958 84 3147 180">
     <span class='ocr_line' id='line_1_58' title="bbox 2958 84 3147 159; baseline -0.011 -18"><span class='ocrx_word' id='word_1_653' title='bbox 2958 100 2965 106; x_wconf 88' lang='lat'><strong>·</strong></span> <span class='ocrx_word' id='word_1_654' title='bbox 2999 84 3005 90; x_wconf 76' lang='grc'><strong>’</strong></span> <span class='ocrx_word' id='word_1_655' title='bbox 3079 87 3147 159; x_wconf 52' lang='lat' dir='ltr'><strong>..³2ss</strong></span> 
     </span>
     <span class='ocr_line' id='line_1_59' title="bbox 3058 142 3125 180; baseline 0.03 -23"><span class='ocrx_word' id='word_1_656' title='bbox 3058 142 3125 180; x_wconf 51' lang='lat'><strong>‘&#39;1²⁷¹‘&#39;</strong></span> 
     </span>
    </p>
   </div>
  </div>
 </body>
</html>
