3147 3836
1305 131 1593 176 ..33-

182 272 243 310 40.
276 269 369 308 -sine
397 266 601 318 obsequio,
629 262 712 303 sine
741 262 966 312 severitate,
994 264 1217 312 contumax,
1254 264 1418 303 temera·
1591 261 1668 312 Ag.
1696 263 1721 302 6
1748 261 1861 322 diues
1887 273 1935 301 ac
1962 265 2105 313 parata
2130 261 2401 322 peccantibus.

285 331 412 412 Gfg'g
437 319 780 417 ssiiiffzffinljiditate,
809 366 892 406 sine
919 366 1164 417 impotentia,
1204 366 1327 417 quieti
1359 377 1418 405 se·
1590 314 1994 457 ΙᾼΙξξέρῖἔιῖῗίιὲιὲι
2017 314 2518 415 ἔῐωζιῖιιίἒιιῖῗῗυῖῗέἓῆηε
2556 365 2727 415 speeiem

338 422 436 463 creti
465 433 526 460 ue.
1642 430 1682 456 vi
1702 429 1753 456 an
1772 430 1796 456 1.

286 476 336 515 Η.
365 478 402 525 1,
429 433 464 512 {il
490 472 651 511 senecta
688 482 736 510 ac
775 469 981 510 debilitate
1012 470 1157 520 pedum
1191 469 1419 520 invalidum,
1491 471 1552 509 16.
1591 481 1775 521 magnam
1802 472 1841 509 et
1868 469 2027 520 diguam
2054 472 2227 509 tractatu
2253 469 2536 521 quaestionem.

337 527 420 565 sine
449 522 686 570 constantia,
711 522 798 561 sine
825 522 1074 561 auctoritate.
1515 523 1551 561 7.
1590 522 1818 571 negotiosos
1845 525 1886 560 et
1911 523 2029 561 rebus
2055 523 2241 562 intentos.

186 582 246 619 12.
286 578 382 616 felix
407 574 507 616 illud
533 577 586 622 et,
613 576 658 612 ut
683 584 791 612 more
809 576 944 612 nostro
962 574 1118 624 loquar,
1146 585 1308 626 aureum
1334 584 1419 612 sae·
1491 575 1552 613 31.
1591 573 1693 613 fictis
1731 585 1804 612 nec
1838 573 1918 612 ullo
1956 573 2072 614 modo
2111 573 2164 613 ad
2202 573 2410 612 veritatem
2446 574 2725 614 accedentibus

287 628 428 668 culum.
1593 624 1882 664 controversiis.

286 679 334 718 G.
362 680 386 717 2
413 679 624 716 immensus
650 675 755 714 ultra
781 679 904 726 utque
934 676 992 716 sic
1027 676 1192 716 dixerim
1230 676 1422 715 adversus
1491 679 1555 715 41.
1592 688 1670 714 non
1697 676 1930 715 emendatae
1968 688 2041 715 nec
2080 687 2205 725 usque
2243 675 2296 714 ad
2323 678 2458 714 votum
2485 678 2726 726 compositae

337 728 531 769 Oceanus.
1596 727 1782 766 civitatis.

184 785 247 822 41.
286 780 423 830 optimi
451 782 491 818 et
516 778 556 817 in
583 779 772 827 quantum
799 789 898 827 opus
926 781 987 818 est
1013 778 1259 818 disertissimi
1284 778 1371 818 viri.
1492 781 1555 818 41.
1593 779 1796 817 invidiosis
1825 782 1864 817 et
1890 779 2170 819 excedentibus
2203 778 2361 817 modum
2388 777 2696 818 defensionibus.

212 834 248 872 2.
287 830 467 871 Secundo
494 831 685 880 purusdet
701 840 862 879 pressus
889 832 930 868 et
955 830 996 868 in
1024 832 1214 880 quantum
1226 829 1323 869 satis
1336 831 1423 868 erat
1494 832 1555 870 10.
1593 830 1781 869 immanes
1806 831 1895 869 illos
1922 835 1962 870 et
1988 831 2039 869 ad
2066 842 2239 879 pugnam
2264 834 2381 868 natos
2412 829 2597 868 lacertos.

288 883 487 932 profluens
513 892 641 920 sermo
669 892 749 919 non
774 880 912 919 defuit.
1493 885 1554 923 31.
1594 885 1710 931 aptos
1737 884 1778 920 et
1803 880 1842 920 in
1871 895 2021 922 omnem
2048 881 2353 930 disputationem
2384 883 2549 931 paratos
2575 881 2697 921 locos.

296 934 345 975 A.
375 935 437 983 13,
464 935 489 973 3
516 932 544 972 f.
571 931 754 982 Augusto
780 935 966 982 prompta
996 945 1044 973 ac
1070 933 1282 984 profluens,
1320 943 1423 983 quae
1595 933 1643 972 A.
1674 936 1735 983 11,
1764 933 1813 971 18
1841 933 1868 973 f.
1895 934 2164 983 intentumque
2192 936 2233 972 et
2257 933 2410 982 magnis
2437 931 2591 972 delictis
2616 933 2724 974 inex-

338 986 499 1024 deceret
523 984 753 1034 principem,
780 984 1008 1033 eloquentia
1034 985 1120 1023 fuit.
1647 985 1850 1023 orabilem.

213 1045 249 1078 (5.
289 1038 358 1076 illa
385 1035 601 1076 secretiora
626 1038 667 1074 et
693 1037 845 1074 tantum
871 1035 968 1084 ipsis
995 1036 1199 1077 orantibus
1225 1038 1334 1076 nota.
1594 1037 1645 1076 H.
1673 1038 1710 1084 3,
1738 1037 1787 1074 78
1828 1036 1922 1077 ficta
1959 1036 2059 1075 haec
2091 1038 2131 1076 et
2164 1035 2205 1075 in
2232 1035 2401 1086 gratim
2426 1034 2596 1074 Muciani
2624 1049 2726 1077 com-

288 1089 338 1128 H.
367 1089 404 1138 2,
431 1088 482 1127 45
510 1084 705 1136 expeditis
732 1088 773 1125 et
798 1088 951 1126 tantum
964 1087 1016 1127 ad
1028 1087 1220 1138 proelium
1237 1085 1422 1137 egressis.
1645 1087 1789 1138 posita.

290 1139 395 1231 &141
418 1139 445 1179 f.
473 1149 619 1188 magna
646 1148 815 1188 corpora
840 1141 880 1178 et
905 1141 1059 1179 tantum
1086 1139 1138 1178 ad
1156 1139 1343 1190 impetum
1355 1149 1423 1176 va·
1594 1140 1643 1179 A.
1672 1142 1735 1230 11,
1764 1142 1811 1180 11
1840 1139 1868 1179 f.
1911 1140 2095 1180 fabulosa
2121 1145 2163 1179 et
2188 1139 2361 1178 externis
2388 1138 2586 1176 miraculis
2625 1136 2726 1176 adsi·

355 1192 367 1230 i
397 1204 434 1230 a.
1648 1193 1700 1230 mi
1716 1195 1796 1230 ata.

289 1239 342 1282 G.
366 1245 416 1282 29
455 1240 627 1291 exempti
664 1240 850 1281 oneribus
888 1244 929 1282 et
956 1242 1244 1283 conlationibus
1271 1244 1312 1282 et
1337 1244 1421 1282 tan·
1596 1244 1645 1284 A.
1673 1246 1710 1293 6,
1737 1245 1787 1284 28
1813 1244 1840 1282 f.
1868 1244 2019 1282 incerta
2045 1246 2086 1282 et
2112 1234 2304 1281 fabulosis
2331 1246 2461 1281 aucta.
2493 1240 2570 1291 Ag.
2584 1240 2635 1279 39
2651 1238 2727 1277 for-

340 1298 423 1333 tum
449 1295 490 1332 in
516 1304 630 1331 usum
652 1292 895 1345 ‘proeliorum'
920 1294 1096 1343 sepositi.
1647 1295 1818 1334 tissimos
1845 1307 1893 1333 ac
1919 1296 2039 1344 longa
2065 1306 2165 1344 pace
2193 1295 2432 1343 exploratos.

190 1349 251 1387 16.
291 1350 446 1386 veteres
474 1348 514 1384 et
541 1345 634 1383 olim
660 1347 788 1383 natos.
1595 1347 1672 1397 Ag.
1701 1347 1750 1386 33
1777 1347 1924 1385 laetum
1936 1350 1976 1386 et
1990 1346 2056 1385 vix
2069 1345 2313 1385 munimentis
2325 1344 2538 1385 coercitum
2550 1342 2725 1382 militem.

187 1401 249 1437 24.
287 1409 395 1436 more
422 1396 548 1436 veteri
585 1400 625 1435 et
659 1407 683 1433 a
709 1396 852 1433 vestris
879 1395 1124 1446 philosophis
1163 1408 1284 1446 saepe
1322 1396 1422 1436 cele·
1595 1400 1642 1438 A.
1671 1400 1733 1445 15,
1761 1400 1810 1436 35
1838 1399 1865 1436 f.
1894 1402 2045 1437 sontem
2073 1401 2113 1436 et
2139 1397 2358 1436 defensioni
2382 1397 2522 1435 merito
2540 1394 2724 1434 diffisum.

288 1450 418 1489 brato.
557 1465 561 1470 ¹
1595 1451 1644 1490 A.
1674 1450 1734 1499 15,
1761 1451 1813 1488 44
1839 1449 1866 1488 f.
1894 1456 2027 1489 sontes
2054 1451 2095 1488 et
2120 1448 2334 1488 novissima
2350 1448 2532 1497 exempla
2548 1445 2723 1486 meritos,

290 1500 338 1540 G.
367 1502 391 1539 5
419 1500 446 1538 f.
486 1499 693 1549 pecuniam
731 1500 906 1537 veterem
933 1502 973 1538 et
1000 1500 1068 1538 diu
1094 1506 1239 1539 notam.
1295 1499 1343 1537 G.
1370 1501 1419 1536 41
1597 1504 1644 1540 A.
1674 1503 1735 1550 15,
1761 1504 1812 1539 54
1838 1505 2010 1539 maestus
2044 1505 2083 1538 et
2108 1512 2276 1549 magnae
2314 1498 2566 1548 cogitationis
2606 1496 2725 1535 mani-

338 1553 528 1590 inclutum
555 1554 596 1588 et
621 1552 756 1588 notum
783 1549 888 1588 olim.
1647 1553 1785 1592 festus.

285 1604 363 1653 Ag.
393 1605 443 1642 14
479 1605 615 1641 vet-ere
642 1612 690 1641 ac
721 1599 800 1639 iam
825 1600 978 1651 pridem
1014 1605 1175 1653 recepta
1212 1601 1349 1653 populi
1374 1600 1421 1641 R·
1596 1605 1644 1645 A.
1674 1604 1736 1654 15,
1763 1604 1813 1643 59
1841 1603 2077 1654 degenerem
2103 1605 2144 1643 et
2170 1603 2257 1643 sola
2283 1602 2458 1653 corporis
2484 1601 2591 1640 fama
2624 1610 2726 1639 com·

339 1652 634 1694 consuetudine.
1647 1655 1884 1695 mendatum.

286 1706 337 1745 H.
366 1707 403 1755 2,
431 1706 482 1744 38
508 1707 622 1743 vetus
655 1716 702 1794 alc
738 1704 817 1743 iam
854 1705 1007 1755 pridem
1045 1706 1165 1745 insita
1191 1704 1422 1747 mortalibus
1521 1712 1556 1748 7.
1595 1709 1711 1748 homo
1752 1719 1878 1746 novus
1911 1710 1952 1746 et
1977 1707 2017 1745 in
2049 1706 2211 1745 civitate
2241 1705 2396 1745 minime
2423 1703 2635 1744 favorabili
2660 1713 2726 1740 na-

339 1755 541 1806 potentiae
570 1755 660 1805 cupi
690 1767 725 1793 o.
1596 1764 1672 1799 tus.

286 1809 335 1846 A.
365 1809 428 1857 13,
456 1808 505 1845 19
533 1806 562 1845 f,
589 1810 728 1846 vetera
755 1811 795 1846 et
821 1808 980 1856 saepius
1007 1808 1085 1847 iam
1111 1808 1261 1848 audita.
1496 1814 1556 1850 12.
1594 1823 1688 1850 usus
1716 1821 1854 1849 recens
1880 1813 1921 1848 et
1948 1822 1997 1848 ex
2023 1809 2136 1847 malis
2162 1808 2336 1848 moribus
2363 1810 2490 1846 natus.

286 1861 335 1898 A.
366 1860 427 1907 15,
455 1858 479 1897 5
505 1859 621 1896 vetus
647 1860 688 1897 et
713 1858 869 1909 penitus
895 1859 1068 1898 infixum.
1494 1865 1556 1902 31.
1595 1865 1736 1912 parato
1764 1861 1869 1900 omni
1895 1861 2153 1900 instrumento
2182 1863 2223 1898 et
2259 1859 2312 1897 ad
2351 1870 2503 1897 omnem
2529 1869 2643 1896 usum
2670 1870 2726 1896 re-

286 1911 334 1950 G.
367 1911 390 1949 2
419 1909 446 1948 f.
474 1909 712 1949 vocabulum
738 1921 876 1950 recens
903 1914 943 1950 et
967 1923 1094 1961 nuper
1121 1910 1308 1951 additum.
1596 1914 1740 1964 posito.

287 1961 335 2001 G.
364 1962 413 2000 13
439 1960 729 2001 robustioribus
757 1974 804 2001 ac
830 1961 909 2000 iam
935 1963 1087 2012 pridem
1113 1963 1305 2012 probatis.
1493 1968 1555 2004 36.
1593 1966 1726 2004 mixtis
1754 1965 1933 2003 omnibus
1960 1967 2000 2003 et
2027 1975 2104 2002 uno
2131 1962 2379 2002 moderatore
2407 1961 2642 2001 carentibus.

284 2013 333 2053 A.
360 2014 400 2060 4,
426 2013 477 2052 43
504 2023 608 2052 novo
636 2024 684 2053 ac
710 2016 794 2053 tum
820 2014 987 2063 primum
1015 2014 1150 2054 audito
1178 2014 1351 2054 crimine.
1491 2019 1552 2058 10.
1592 2027 1802 2068 personam
1827 2016 2042 2055 notabilem
2078 2019 2118 2054 et
2144 2026 2233 2054 cum
2259 2012 2494 2053 auctoritate
2520 2012 2724 2052 dicturam.

207 2070 244 2107 5.
280 2063 582 2104 inexercitatam
608 2067 648 2103 et
675 2065 867 2104 eiusmodi
906 2065 1160 2106 certaminum
1196 2065 1333 2106 rudem
1359 2077 1419 2105 sa·
1600 2069 1648 2108 A.
1678 2072 1713 2118 1,
1740 2070 1789 2107 28
1815 2071 1971 2107 noctem
1997 2069 2187 2106 minacem
2212 2070 2252 2106 et
2277 2067 2317 2104 in
2343 2066 2470 2104 scelus
2488 2066 2726 2113 erupturam.

283 2117 486 2176 pientiam·
1097 2122 1100 2126 '
1489 2122 1552 2161 39.
1593 2120 1773 2161 adstricti
1794 2120 1840 2160 'et
1865 2120 1974 2160 velut
2000 2119 2151 2160 inclusi.

181 2170 244 2211 37.
283 2169 431 2209 inertes
457 2168 498 2207 et
522 2176 602 2207 non
628 2167 831 2209 suffecturi
856 2167 1083 2210 honoribus.
1491 2174 1552 2212 14.
1590 2172 1811 2212 concitatus
1839 2174 1879 2211 et
1904 2172 2014 2211 velut
2039 2171 2257 2210 instinctus.

283 2220 334 2258 H.
363 2221 400 2269 1,
427 2220 477 2257 88
504 2219 637 2268 segnis
665 2222 705 2257 et
731 2221 856 2259 oblita
882 2222 1074 2259 bellorum
1099 2222 1298 2259 nobilitas.
1515 2226 1552 2262 5.
1590 2235 1752 2262 securus
1792 2228 1832 2261 et
1866 2224 1972 2261 velut
2008 2226 2202 2271 perpetua
2238 2222 2418 2269 potentia
2449 2233 2497 2259 ac
2524 2222 2725 2268 potestate

282 2273 331 2310 A.
358 2272 396 2320 3,
422 2271 471 2308 46
497 2269 689 2309 inconditi
716 2284 764 2310 ac
789 2272 953 2312 militiae
978 2272 1102 2312 nescii
1127 2271 1329 2322 oppidani.
1593 2275 1776 2314 munitus.
2041 2294 2044 2297 ¹

285 2323 334 2361 A.
362 2323 400 2371 3,
428 2321 477 2360 33
503 2332 554 2360 m.
607 2321 845 2363 imbecillum
898 2326 938 2364 et
982 2323 1172 2373 imparem
1215 2322 1419 2364 laboribus
1516 2328 1552 2366 7.
1590 2327 1796 2376 requirunt
1822 2337 1869 2366 ac
1897 2326 2006 2365 velut
2032 2335 2247 2374 agnoscere
2275 2323 2572 2373 concupiscunt.

337 2383 486 2412 sexum·
1490 2379 1550 2415 17.
1588 2389 1804 2426 agnoscere
1831 2389 1878 2415 ac
1906 2378 2014 2414 velut
2039 2376 2276 2424 coniungere
2303 2379 2344 2413 et
2370 2375 2571 2423 copulare.

183 2429 243 2464 14.
283 2424 492 2463 audentior
518 2427 559 2462 et
585 2428 793 2473 poetarum
820 2439 938 2476 quam
965 2429 1166 2464 oratorum
1192 2423 1366 2463 similior.
1488 2431 1550 2467 26.
1588 2429 1788 2467 nominare
1816 2431 1856 2467 et
1881 2428 1990 2467 velut
2016 2427 2055 2466 in
2083 2426 2207 2466 aciem
2234 2425 2416 2466 educere.

207 2478 244 2516 8.
284 2475 456 2534 clariora
480 2477 523 2514 et
548 2475 603 2514 ad
629 2475 974 2517 demonstrandam
1007 2477 1110 2526 eloq.
1137 2475 1348 2515 utilitatem
1373 2474 1416 2514 il·
1487 2481 1550 2518 33.
1588 2478 1794 2518 incohasse
1820 2482 1973 2517 tantum
1999 2481 2040 2517 et
2065 2478 2175 2517 velut
2201 2477 2374 2527 vestigia
2411 2487 2460 2516 ac
2486 2476 2727 2515 lineamenta

335 2527 534 2567 lustnora.
1588 2531 1786 2581 quaedam
1812 2530 2044 2569 ostendisse.

183 2582 246 2619 27.
285 2579 417 2618 mitior
443 2580 483 2617 et
510 2577 760 2628 eloquentiae
786 2582 909 2629 temp.
936 2582 1057 2618 nostr.
1085 2578 1210 2617 minus
1236 2578 1372 2617 iratus.
1589 2584 1640 2622 H.
1667 2585 1705 2633 3,
1731 2584 1780 2621 73
1807 2582 1941 2631 segnis
1967 2585 2007 2620 et
2033 2581 2157 2620 veluti
2183 2583 2325 2630 captus
2352 2579 2482 2619 animi.

182 2634 244 2670 35.
282 2631 454 2670 leviores
481 2632 523 2667 et
548 2630 673 2668 minus
700 2631 934 2680 prudentiae
960 2631 1175 2680 exigentes.
1589 2635 1639 2674 H.
1667 2636 1705 2684 3,
1733 2634 1782 2673 75
1810 2633 1838 2672 f.
1865 2634 2049 2683 placatus
2077 2645 2124 2672 ac
2150 2633 2259 2673 velut
2285 2633 2413 2671 vicem
2440 2630 2620 2670 reddens-

284 2681 332 2721 G.
360 2682 410 2720 39
447 2684 492 2720 ut
530 2681 657 2720 minor
695 2685 735 2721 et
772 2685 1010 2732 potestatem
1047 2681 1214 2720 numinis
1244 2691 1341 2730 prae
1374 2691 1417 2719 se
1591 2686 1640 2725 A.
1668 2687 1706 2734 2,
1734 2686 1784 2724 38
1810 2697 1860 2723 m.
1897 2684 1977 2723 vim
2014 2685 2055 2723 in
2087 2695 2148 2722 me
2187 2684 2403 2723 transicere
2430 2694 2477 2721 ac
2504 2682 2613 2720 velut
2637 2692 2724 2730 per-

333 2731 478 2771 ferens.
1643 2737 1815 2786 fringere
1845 2736 2051 2774 aerarium.

183 2786 243 2824 10.
283 2783 461 2834 privatas
488 2787 529 2823 et
556 2784 682 2824 nostri
710 2784 857 2825 saeculi
884 2784 1186 2825 controversias.
1592 2789 1640 2829 A.
1668 2790 1705 2839 3,
1733 2789 1783 2827 53
1810 2787 1985 2826 viderem
2013 2798 2081 2825 eos
2108 2798 2156 2825 ac
2182 2785 2291 2824 velut
2317 2782 2615 2834 deprenderem.

182 2837 244 2874 16.
284 2846 475 2885 perquam
502 2837 623 2875 breve
651 2840 692 2876 et
718 2837 758 2875 in
784 2837 963 2886 proximo
990 2840 1062 2877 est.
1592 2841 1668 2891 Ag.
1695 2841 1747 2879 44
1774 2840 1802 2878 f.
1829 2839 2011 2879 continuo
2040 2842 2080 2877 et
2105 2839 2214 2876 velut
2239 2848 2316 2875 uno
2346 2837 2439 2875 ictu.

181 2889 242 2924 20.
281 2886 448 2924 inlustre
476 2890 516 2925 et
543 2887 704 2936 dignum
730 2888 930 2927 memoria.
1593 2891 1641 2931 G.
1667 2894 1717 2931 43
1744 2902 1887 2930 novum
1914 2902 1961 2929 ac
1987 2890 2095 2928 velut
2120 2889 2313 2927 infernum
2326 2887 2572 2937 adspectum.

283 2937 360 2986 Ag.
387 2938 412 2975 5
438 2938 691 2977 exercitatior
716 2940 921 2989 magisque
948 2940 989 2978 in
1015 2941 1201 2992 ambiguo
1228 2942 1314 2982 fuit.
1591 2943 1640 2981 A.
1669 2944 1731 2991 12,
1758 2944 1781 2980 7
1809 2941 1836 2980 f.
1864 2940 2075 2979 adductum
2103 2943 2143 2978 et
2168 2939 2283 2989 quasi
2307 2939 2425 2977 virile
2450 2938 2665 2976 servitium.

1128 3050 1177 3104 Β.
1210 3049 1400 3106 ORATIO
1433 3046 1782 3105 TRIMEMBRIS.

185 3148 245 3183 12.
285 3146 446 3197 Orphea
472 3151 513 3187 et
537 3148 679 3187 Linum
706 3160 766 3200 ac,
804 3150 839 3188 si
874 3150 1130 3202 introspicere
1164 3153 1282 3192 altius
1307 3154 1420 3203 velis,
1592 3151 1640 3190 G.
1669 3153 1693 3190 9
1720 3151 1830 3190 lucos
1857 3162 1905 3189 ac
1931 3162 2093 3189 nemora
2120 3152 2355 3189 consecrant
2380 3148 2619 3195 deorumque
2656 3158 2724 3184 no-

286 3197 416 3265 ipsum
440 3199 673 3262 Apollinem.
1082 3256 1090 3264 .
1374 3257 1382 3265 ⁸
1641 3202 1811 3242 minibus
1838 3201 2055 3263 adpellant·
2068 3204 2262 3262 secretum
2288 3199 2397 3249 illud,
2423 3197 2532 3248 quod
2557 3218 2621 3257 —·.

287 3252 335 3287 (π.
365 3253 413 3289 12
451 3251 673 3313 velnculum
718 3256 759 3292 et
797 3256 929 3292 vestes
967 3257 1019 3303 et,
1058 3266 1092 3294 s1
1118 3256 1280 3297 credere
1306 3257 1418 3306 velis,
1592 3255 1669 3304 Ag.
1699 3256 1748 3293 31
1776 3254 1805 3292 f.
1858 3258 1898 3294 et
1949 3255 2217 3303 longinquitas
2269 3256 2310 3291 et
2352 3251 2547 3289 secretum
2583 3260 2724 3299 ipsum,

335 3313 479 3343 numen
505 3317 518 3344 ι
548 3316 645 3345 sum.
1672 3317 1723 3346 uo
1748 3327 1812 3345 —.

185 3352 246 3389 12.
286 3362 450 3411 nemora
474 3316 570 3396 vego
599 3360 640 3396 et
666 3357 743 3396 luci
771 3360 811 3396 et
838 3360 1031 3396 secretum
1057 3358 1199 3410 ipsum,
1236 3360 1344 3410 quod
1370 3361 1417 3399 A.
1592 3318 1671 3407 qu
1695 3360 1719 3396 6
1772 3361 2024 3408 quaesturam
2064 3368 2110 3394 ac
2157 3355 2397 3393 tribunatum
2435 3353 2565 3403 plebis
2603 3357 2725 3404 atque

288 3408 481 3454 ¹¹101'0Pat.
1642 3409 1771 3459 ipsum
1799 3409 1917 3449 etiam
1943 3409 2164 3449 tribunatus
2191 3417 2345 3446 annum.

2483 3462 2513 3508 5
