3147 3774
1420 149 1712 194 -46-

300 287 338 324 3.
378 286 462 325 tum
490 282 556 323 illc
600 292 656 323 ac.
683 277 904 330 respondit,
933 277 1064 329 dixit).
1114 279 1161 320 15
1189 281 1273 320 tum
1300 279 1420 330 Aper.
1470 279 1530 319 25·

377 337 429 375 42
457 338 539 374 tum
607 331 752 371 essala.
790 332 816 370 4
844 330 885 369 et
911 331 1130 371 Maternus.
1169 333 1221 371 28
1248 330 1393 371 deinde
1419 331 1520 371 Mes-

380 388 478 426 sala.
529 387 580 423 33
606 384 726 422 Mess.
754 382 871 432 quasi
895 394 1035 421 rursus
1059 383 1268 433 incipiens.

482 433 563 477 Cfr.
589 434 637 475 B.
664 433 825 485 Proleg.
851 434 914 475 80.
942 433 1074 486 Naeg.
1101 437 1191 477 511.

273 492 337 529 24.
377 491 526 541 quanto
551 509 604 516 --
630 486 792 537 ingenio
818 490 858 525 et
885 486 1026 536 spiritu
1064 486 1138 538 (sc.
1166 488 1323 525 locutus
1350 489 1411 524 est
1439 485 1524 524 sive

374 539 594 588 incessivit,
633 537 704 576 cfr.
732 537 860 577 Doed.
887 537 941 575 ad
968 537 1007 575 h.
1035 538 1093 588 1.),
1133 538 1206 577 sed
1240 539 1360 577 etiam
1394 537 1524 576 crudi·

374 591 484 651 tione
511 593 553 650 et
578 592 666 629 arte
693 589 746 629 ab
761 589 861 639 ipsis
888 591 1092 630 mutuatus
1119 594 1183 630 est
1208 601 1282 640 per
1302 601 1404 640 quae
1431 600 1526 628 mox

373 645 789 742 Ψδοεόέοὲἒῗιῗιῗιὲῒε
818 691 888 730 cfr.
918 691 1038 730 Roth.
1066 693 1167 731 Exc.
1194 694 1283 731 272.

300 748 336 784 1.
372 748 418 784 ut
441 748 512 784 aut
540 744 591 783 de
617 743 790 794 ingeniis
819 742 968 782 uostris
994 744 1100 783 male
1123 742 1433 784 existimandum
1453 742 1528 793 (sc.

375 797 441 845 sit,
469 795 577 846 quod
605 795 858 834 inseruerunt
885 793 1010 844 edd.),
1038 795 1073 834 si
1097 816 1162 835 -.

297 850 322 887 2
349 847 378 887 f.
404 850 610 907 tamquam
636 846 828 885 maiorem
855 867 908 873 —
934 846 1104 895 gloriam
1130 846 1342 887 habiturus
1368 844 1442 897 (sc.
1469 857 1528 886 es-

373 899 453 949 set)
481 911 516 938 si
542 897 746 948 ingenium
773 919 824 928 -
851 896 1070 938 videretur.

372 951 450 1002 Ag.
489 953 509 990 1
549 948 578 989 f.
613 949 772 989 veniam
816 961 897 988 non
936 950 1140 1002 petissem,
1176 951 1217 991 ni
1255 951 1529 992 incursaturus

425 1006 510 1042 tam
536 1013 662 1041 saeva
690 1005 729 1041 et
756 1001 903 1040 infesta
930 1002 1149 1042 virtutibus
1175 1006 1369 1052 tempora.

374 1055 423 1092 A.
439 1056 488 1093 14
521 1055 571 1092 41
586 1052 614 1091 f.
634 1053 802 1104 perinde
829 1063 959 1103 poena
986 1056 1201 1104 teneretur,
1229 1065 1278 1093 ac
1306 1054 1340 1094 si
1366 1053 1528 1106 publico

430 1106 471 1144 iu
502 1105 580 1143 icio
608 1105 832 1144 calumniae
859 1104 1159 1142 condemnatus.

625 1217 710 1251 lv.
749 1212 1164 1250 Pron-ominum.

304 1327 341 1363 5.
381 1323 573 1362 excusent
600 1320 672 1371 (sc.
701 1318 760 1369 se)
788 1318 954 1359 iudices.

381 1373 459 1425 Ag.
487 1374 537 1413 42
564 1383 708 1424 preces
734 1370 979 1412 excusantis.

272 1428 334 1465 32.
375 1426 548 1476 populus
587 1428 787 1463 oratorem
829 1424 902 1474 (sc.
938 1423 1044 1472 eum)
1084 1434 1173 1462 esse
1201 1423 1388 1464 fateatur.
1444 1424 1525 1463 Cfr.

298 1530 337 1569 8..
375 1477 649 1588 ἓῖιοῗίὃῗξΑοο.)
686 1538 767 1566 non
803 1525 1035 1576 acceperint
1061 1538 1135 1566 nec
1162 1525 1367 1578 (audiatur
1391 1525 1527 1578 Nom.)

377 1591 509 1672 &0313
531 1583 796 1681 ghghesiinrus
834 1629 1038 1680 accipiant
1070 1642 1286 1681 rursusque
1321 1631 1374 1670 ad
1407 1643 1527 1681 nepo-

380 1687 444 1722 tes
470 1682 709 1722 referuntur.

613 1795 670 1828 v.
708 1791 1207 1837 Praene-itionum·-

802 1843 883 1883 Ofr.
910 1842 957 1881 B.
984 1845 1022 1882 6.

306 1958 342 1994 6.
382 1966 475 2014 nam
497 1954 576 2014 gsc.
598 1954 652 2014 in,
670 1953 778 2004 quod
808 1953 921 2012 deest
947 1952 987 1991 in
1003 1951 1157 2012 poda„
1185 1965 1362 2003 superse.
1389 1954 1429 1992 in
1457 1954 1527 1993 Pe-

274 2060 338 2098 32.
377 2005 466 2097 ξιιέἱι)
494 2007 976 2115 ἶῖξῗὲἕῖιιὲηῗὲἒὶῖίἓιίξΐῐ
987 2015 1059 2095 slgld
1068 2014 1335 2096 αῇῒᾶεωίαο
1388 2056 1531 2106 spatiis

383 2107 557 2159 (Acidal.
587 2111 627 2148 et
653 2108 877 2148 Heumann.
906 2104 997 2158 ,1n“
1024 2106 1336 2158 interiecerunt).

274 2163 339 2202 35.
379 2159 608 2251 iiagcholas
635 2159 782 2210 quibus
810 2158 885 2210 (sic

380 2224 403 2251 e
462 2240 472 2249 .
493 2240 503 2249 .

380 2264 432 2302 Η.
458 2210 496 2312 5),
523 2264 548 2301 5
575 2262 670 2301 vitis
695 2273 818 2300 aurea
844 2262 993 2311 templo
1021 2264 1194 2311 reperta.

380 2315 430 2354 A.
458 2316 520 2365 12,
547 2315 598 2354 36
625 2316 773 2353 stetere
801 2323 943 2364 campo
971 2312 1040 2364 qui
1067 2315 1200 2352 castra
1227 2313 1443 2364 praeiacet.

381 2367 430 2405 A.
460 2368 521 2415 14,
550 2367 599 2404 61
626 2365 822 2414 imagines
850 2385 902 2391 —
927 2363 1015 2403 foro
1042 2376 1092 2403 ae
1117 2367 1198 2403 tem
1228 2365 1278 2404 lis
1305 2368 1502 2404 statuunt.

280 2420 342 2457 15.
381 2430 406 2456 a
434 2416 627 2457 Cicerone
660 2420 731 2456 aut
768 2415 923 2456 Asinio.
977 2417 1027 2456 28
1062 2414 1112 2454 de
1150 2427 1198 2455 ur
1228 2428 1250 2455 e
1288 2420 1331 2456 et
1354 2416 1417 2455 his
1445 2415 1529 2466 (-—)

382 2467 555 2519 propriis
581 2467 689 2507 viliis
722 2466 912 2518 (urbis?).
965 2468 1016 2507 28
1055 2478 1134 2506 non
1174 2466 1214 2506 in
1249 2468 1350 2508 cella
1378 2489 1429 2496 —
1456 2467 1529 2507 sed

383 2520 534 2569 gremio
562 2519 713 2558 matris.

948 2186 958 2197 .
988 2160 1029 2198 et
1056 2158 1125 2206 F.;
1161 2157 1253 2210 „in“
1280 2161 1531 2200 inseruerunt

1698 278 1748 319 11.
1775 278 1814 328 4,
1841 278 1893 320 48
1918 290 1992 330 per
2018 278 2157 320 urbem
2184 282 2225 319 et
2250 280 2525 327 urbivicinia.
2577 281 2629 321 Η.
2651 285 2686 332 1,
2716 284 2742 322 4
2766 294 2846 322 non

1750 328 1869 370 modo
1895 330 1936 372 in
1962 330 2063 371 urbo
2088 329 2197 382 apud
2222 336 2361 382 patres
2385 356 2437 363 —
2463 332 2534 374 sed
2561 343 2698 374 omnes
2723 333 2846 385 legio-

1750 393 1822 420 nes
1849 381 2066 432 ducesque.
2118 382 2167 421 A.
2194 384 2231 432 3,
2270 385 2295 421 9
2329 395 2403 433 per
2439 386 2628 423 Picenum
2665 388 2725 423 ac·
2753 395 2846 424 mox

1749 432 1811 474 Fl.
1839 433 1959 476 viam.
2011 432 2060 474 A.
2089 435 2126 485 G,
2153 434 2202 475 51
2230 433 2271 474 in
2304 434 2464 476 Liviam
2497 440 2538 478 et
2572 448 2666 476 mox
2701 436 2843 476 Iuliam

1750 485 1874 524 famil.
1928 485 1978 526 A.
2007 487 2069 537 13,
2102 487 2154 526 53
2179 485 2220 524 in
2256 485 2450 538 Rhenum,
2489 488 2595 528 exim
2629 487 2846 529 Oceanum.

1751 537 1799 575 A.
1830 539 1891 586 12,
1919 539 1970 577 24
1996 537 2186 576 adaram
2214 536 2347 586 Consi,
2374 548 2469 577 mox
2495 539 2628 579 curias
2646 543 2740 590 vet„
2763 543 2846 579 tum

1752 587 1806 627 ad
1831 588 2024 629 sacellum
2049 589 2112 638 1..,
2140 587 2234 627 inde
2259 587 2387 628 forum
2414 587 2529 628 Rom.

1795 675 1882 710 vl.
1920 672 2234 714 ronne-1100
2259 673 2649 712 adver-atltae.

1627 760 1664 796 8.
1703 756 1804 819 [sed]
1832 758 1920 818 ipsa
1947 757 2186 808 eloquentia.
2242 734 2292 796 16
2317 757 2534 796 meditatus
2560 757 2723 797 videris.

1600 811 1663 848 21.

1702 821 1790 860 ipse
1815 809 1912 848 mhi
1939 809 2101 849 Calvus.
2152 810 2201 848 37
2228 820 2308 847 non
2335 808 2567 857 Quinctius:
2597 808 2785 850 Catilina.

1705 863 1754 901 G.
1784 863 1834 901 10
1859 871 1938 900 non
1965 860 2091 901 solum
2117 858 2224 911 apud
2248 859 2421 910 plebem,
2443 857 2545 912 [sed]
2572 859 2682 910 apud
2707 871 2846 911 proce-

1756 925 1833 964 res,
1860 911 1969 964 apud
1996 910 2238 952 sacerdotes.

1703 964 1752 1004 A.
1778 967 1816 1015 4,
1843 967 1893 1004 35
1932 976 2012 1004 non
2051 963 2171 1003 modo
2205 964 2384 1014 libertas,
2423 964 2544 1003 etiam
2570 963 2696 1003 libido
2722 963 2846 1015 impu-

1755 1016 1854 1053 nita.
1906 1016 1956 1054 A.
1979 1017 2005 1054 3
2047 1017 2096 1053 19
2121 1026 2201 1052 non
2227 1016 2346 1053 modo
2371 1037 2434 1064 —,
2462 1016 2595 1053 etiam.

1704 1065 1897 1156 ἦνξέῃζξ
1934 1043 2044 1108 nulla
2081 1064 2245 1107 militari
2282 1064 2403 1117 fama,
2438 1064 2592 1108 Galbae
2627 1064 2719 1107 odio
2755 1078 2845 1118 pro-

1701 1169 1752 1206 Η.
1779 1171 1817 1216 3,
1845 1170 1870 1207 3
1896 1181 1977 1208 non
2004 1169 2157 1207 incerta
2185 1169 2386 1218 disseruit,
2421 1174 2560 1219 aperte
2587 1171 2843 1209 descendisse

1754 1217 1794 1258 in
1823 1229 1987 1260 causam
2013 1217 2239 1260 videbatur.

1599 1306 1714 1341 vu.
1759 1304 2073 1343 Pan-neuin
2097 1305 2440 1352 copulativae
2465 1305 2845 1354 (Any-naccon).

1601 1441 1662 1479 19.

1600 1544 1665 1582 23.

1626 1648 1664 1685 3.

1727 1388 1806 1428 Cfr.
1833 1389 2030 1441 Krueger.
2057 1402 2098 1440 p.
2126 1392 2216 1439 377,
2242 1392 2326 1427 not.
2352 1391 2390 1428 3.
2417 1389 2546 1428 Doed.
2573 1388 2734 1440 Proleg.

1701 1440 1938 1531 aridissimis
1970 1441 2258 1491 Hermagorae,
2283 1439 2519 1491 Apollodori
2552 1440 2666 1481 libris
2700 1442 2775 1492 (sic
2803 1443 2848 1482 P.

1702 1495 1743 1531 et
1807 1519 1817 1529 .
1837 1519 1849 1530 .

1702 1542 1797 1583 fasti
1827 1543 1926 1595 iunt,
1954 1543 2136 1584 oderunt.
2188 1542 2389 1595 (Halmius
2415 1540 2508 1593 „et“
2533 1543 2713 1594 inseruit,
2742 1545 2848 1585 Haa-

1705 1594 1787 1635 sius
1814 1594 2036 1647 „oderunt“
2062 1594 2176 1636 uncis
2201 1592 2393 1645 inclusit.)

1704 1647 1921 1698 sedentem,
1947 1648 2090 1698 ipsum,
2118 1658 2235 1697 quem
2263 1669 2327 1697 —-,
2365 1646 2510 1685 librum
2537 1646 2754 1687 habentem
2782 1647 2848 1687 de-

1704 1697 1998 1749 prehendimus.
2120 1743 2127 1750 ,

1809 1748 1961 1800 (Haase
1987 1749 2211 1801 ipsumque,
2238 1760 2355 1800 quem
2382 1747 2464 1799 —.)

1705 1801 1754 1840 G.
1780 1803 1832 1840 34
1857 1813 1931 1841 uec
1959 1801 1986 1840 d
2010 1801 2086 1841 fuit
2110 1801 2300 1840 audentia
2326 1801 2473 1850 Druso,
2503 1800 2752 1841 Germanico.

1704 1852 1755 1891 H.
1782 1855 1820 1902 2,
1848 1853 1898 1893 95
1937 1851 1990 1892 Ot
2018 1864 2145 1903 onem,
2184 1852 2402 1891 Vitellium.
2455 1852 2506 1891 Η.
2532 1854 2570 1903 4,
2605 1855 2655 1892 42
2691 1853 2719 1892 f.
2747 1854 2849 1893 Mar-

1759 1903 1916 1955 cellum,
1945 1902 2141 1954 Crispum.

1705 1953 1754 1992 A.
1783 1956 1845 2005 12,
1871 1956 1895 1994 2
1921 1954 2207 2005 Britannicum,
2235 1953 2456 1994 Octaviam.
2509 1954 2559 1993 A.
2576 1957 2638 2005 13,
2655 1956 2706 1995 55
2730 1955 2850 1994 Tibe-

1757 2005 1830 2056 rio,
1858 2004 2107 2046 Germanico.

1706 2056 1758 2096 Η.
1784 2059 1824 2107 4,
1851 2058 1902 2098 74
1928 2055 1956 2095 f.
1982 2068 2124 2107 pacem
2151 2060 2192 2097 et
2217 2055 2357 2096 urbem
2384 2077 2436 2085 —
2462 2060 2608 2108 amate,
2635 2057 2766 2097 colite.

1707 2108 1758 2147 H.
1786 2110 1824 2159 2,
1852 2110 1902 2149 26
1929 2107 2143 2159 fugientes,
2171 2111 2442 2148 occursantes.

1705 2160 1754 2199 A.
1781 2162 1820 2211 4,
1849 2162 1873 2200 9
1901 2159 2068 2211 foveret,
2095 2161 2311 2200 attolleret.

1706 2212 1755 2250 A.
1784 2213 1845 2262 15,
1873 2213 1923 2252 55
1950 2211 2146 2262 audierat,
2174 2210 2485 2251 coniectaverat.

1707 2263 1772 2354 A.l
1785 2265 1845 2312 14,
1871 2265 1924 2355 t24
1950 2261 2104 2312 eadem,
2125 2263 2252 2313 ,plura
2279 2274 2399 2313 quam
2425 2263 2612 2312 gregario
2642 2263 2766 2302 milite
2795 2266 2852 2303 to-

1775 2325 1870 2354 eran
1890 2325 1925 2353 e.

1706 2366 1756 2405 Η.
1784 2367 1907 2426 4,.81
1934 2377 1985 2403 ιιι.
2015 2365 2286 2416 Vespasianus
2327 2365 2455 2415 primo
2495 2364 2679 2416 inridere,
2718 2376 2850 2417 asper-

1759 2429 1859 2455 nan.

1706 2467 1756 2506 H.
1792 2469 1829 2518 2,
1873 2469 1924 2507 70
1961 2465 1991 2506 s.
2030 2467 2190 2517 intueri,
2230 2467 2377 2507 mirari.
2446 2466 2493 2507 G.
2536 2470 2584 2508 14
2623 2466 2851 2517 defendere,

1757 2519 1877 2559 tueri.

830 2677 947 2727 Quae
978 2685 1141 2720 restant
1172 2677 1338 2720 libellus
1369 2679 1625 2735 insequentis
1657 2680 1766 2722 anni
1795 2679 2074 2722 scholasticus
2106 2668 2348 2722 exhibebit·

1305 3200 1451 3244 MENDA
1481 3199 1844 3246 TYPOTHETARUM.

382 3281 478 3327 Lege
503 3294 537 3327 p.
563 3285 597 3327 3,
623 3280 706 3318 adu.
732 3281 767 3318 4.
797 3286 984 3327 »poemata
1007 3278 1228 3326 quiescunt,‹
1257 3299 1314 3315 --.
1376 3293 1411 3326 p.
1441 3280 1496 3318 16.
1522 3280 1567 3317 A.
1597 3281 1628 3326 1,
1654 3282 1699 3318 55
1722 3292 1832 3328 gener
1855 3280 2000 3320 invisus.
2044 3300 2085 3310 —
2119 3276 2227 3328 Verg.
2253 3281 2331 3320 Ecl.
2358 3284 2392 3328 8,
2419 3281 2466 3319 86
2484 3292 2556 3326 per
2577 3290 2725 3316 «nemora
2751 3287 2858 3326 aeque

286 3331 374 3364 altos
412 3349 453 3355 -
488 3330 591 3365 lucos.
656 3329 784 3366 Tibuu.
809 3329 844 3375 3,
869 3329 902 3374 3,
931 3328 975 3366 15
1000 3335 1034 3365 ee
1057 3340 1205 3364 nemora
1228 3328 1268 3363 in
1294 3327 1449 3364 domibus
1472 3340 1591 3364 sacros
1615 3328 1792 3366 imitantia
1822 3332 1925 3367 lucos.
1962 3351 2002 3356 —
2041 3330 2164 3376 Pomp.
2190 3332 2289 3367 Mela
2316 3329 2587 3376 (Hyperborei).
2629 3346 2674 3354 —
2711 3328 2856 3366 Gur-tim

286 3378 374 3423 Rus.
402 3397 445 3404 —
474 3377 702 3414 Pseudo-oio.
723 3383 796 3422 pot.

822 3378 1103 3423 maqietratmsm.

1154 3387 1189 3421 p.
1216 3375 1275 3412 2⁴2.
1299 3375 1333 3412 8.
1360 3376 1539 3421 principes
1564 3397 1609 3403 —
1634 3377 1840 3423 diligimtur.
1889 3390 1923 3424 p.
1950 3378 2009 3415 24.
2034 3379 2080 3414 Η.
2107 3379 2141 3424 3,
2169 3379 2214 3415 53
2231 3379 2399 3425 'praemia
2425 3377 2533 3421 peric.
2583 3386 2617 3420 p.
2643 3376 2700 3411 25.
2720 3376 2763 3410 A.
2780 3375 2813 3422 1,
2833 3376 2856 3411 8

280 3424 437 3462 facinus.
464 3444 512 3452 ·-
532 3424 578 3461 H.
607 3424 638 3470 1,
664 3424 709 3462 71
735 3435 846 3471 spem.
895 3435 930 3471 p.
956 3424 1015 3463 26.
1042 3423 1114 3461 etr.
1140 3423 1263 3461 Pabst.
1291 3423 1358 3460 Ed.
1385 3423 1428 3460 D.
1456 3435 1489 3470 p.
1517 3424 1573 3461 21.
1629 3437 1663 3471 p.
1690 3426 1747 3463 32.
1774 3426 1818 3462 Η.
1847 3426 1879 3472 1,
1904 3427 1949 3464 37
1976 3426 2121 3463 Vatinii.
