3147 3836
287 977 349 1014 39.

300 2614 361 2648 12.

298 2815 361 2852 22.

299 2867 361 2903 10.

302 2968 362 3004 18.

391 356 623 397 Adversarii
651 358 691 396 et
717 356 875 395 aemuli.
902 356 954 394 34
969 365 1021 393 ex
1048 351 1195 393 invidis
1222 356 1263 393 et
1287 351 1529 393 faventibus.

390 407 441 449 fl.
471 412 507 459 1,
535 410 587 448 44
619 411 664 448 ut
702 407 851 447 inimici
884 409 925 445 et
959 405 1105 444 aemuli
1145 405 1271 445 caede
1296 404 1440 445 laetari
1466 404 1530 443 ius

389 461 451 498 fas
481 472 544 498 ue.
597 460 648 498 H.
675 462 712 507 2,
740 462 789 498 21
817 457 968 497 invidia
996 461 1036 496 et
1062 459 1342 497 aemulatione.
1392 456 1441 495 A.
1467 458 1528 505 16,

388 514 438 552 22
481 514 661 551 autorem
686 513 757 550 aut
782 507 1070 549 adversarium.

390 573 599 614 procerum
631 561 827 602 factiones
863 564 903 598 et
936 580 987 587 —
1019 565 1182 598 senatus
1215 560 1411 598 adversus
1445 559 1527 608 ple-

392 616 483 654 bem
511 614 740 653 certamina.
792 612 842 649 H.
858 613 895 660 2,
923 613 974 650 38
1000 611 1128 660 prima
1155 613 1259 650 inter
1284 614 1420 661 patres
1446 610 1527 659 ple-

390 667 560 716 bemque
594 663 824 704 certamina.
877 661 925 701 A.
952 664 990 712 4,
1023 664 1073 701 42
1111 662 1242 712 plebis
1281 667 1322 702 et
1361 661 1526 711 optima-

388 718 486 757 tium
514 715 744 757 certamina.
797 713 846 752 A.
877 716 911 763 1,
939 715 963 752 2
990 712 1017 752 f.
1055 717 1241 764 suspecto
1269 716 1431 753 senatus
1457 723 1525 763 po-

388 770 551 819 pulique
589 765 755 816 imperio
788 765 840 803 ob
870 765 1088 803 certamina
1122 765 1358 814 potentium.
1410 764 1460 803 A.
1487 765 1526 813 4,

390 822 441 860 33
467 819 587 869 plebe
613 838 664 845 —
690 818 828 866 patres
855 836 905 843 —
933 818 1095 854 senatus
1122 837 1174 844 —
1200 819 1240 854 et
1277 815 1526 864 optimatium

388 869 562 921 ingenia.
615 868 663 908 A.
692 869 728 918 3,
767 869 818 906 10
851 866 983 905 studia
1017 866 1154 917 populi
1181 870 1221 905 et
1254 870 1424 917 patrum.
1477 865 1525 905 A.

389 927 428 973 4,
455 923 505 962 66
533 920 665 960 studia
691 930 899 969 procerum
927 923 967 957 et
994 918 1155 968 largitio
1183 918 1386 969 principis.

389 985 527 1012 cursus
562 977 603 1011 et
645 970 788 1019 spatia.
843 969 890 1010 G.
920 972 969 1009 37
997 973 1129 1009 castra
1168 974 1209 1010 et
1252 970 1396 1020 spatia.
1448 968 1526 1018 Ag.

391 1026 441 1065 10
468 1022 598 1074 spatio
626 1032 675 1060 ac
702 1021 827 1059 caelo.
878 1020 929 1058 H.
956 1022 993 1069 2,
1021 1023 1071 1059 37
1099 1021 1271 1070 spatium
1305 1031 1354 1059 ac
1382 1031 1526 1058 moras.

389 1076 438 1115 A.
466 1078 504 1124 2,
532 1077 581 1114 82
609 1077 788 1122 tempore
814 1083 863 1110 ac
898 1071 1042 1122 spatio.
1081 1071 1131 1111 A.
1160 1075 1197 1123 6,
1224 1074 1275 1113 48
1308 1071 1525 1112 cunctatio-

391 1139 482 1165 nem
509 1130 550 1163 et
576 1135 722 1162 moras.

392 1175 558 1216 divitiae
586 1178 626 1215 et
654 1184 764 1224 opes.
817 1174 867 1214 H.
895 1175 933 1224 4,
963 1175 1013 1214 74
1039 1173 1066 1213 f.
1094 1173 1144 1213 A.
1166 1177 1227 1225 11,
1255 1176 1306 1214 24
1332 1173 1360 1213 f.
1387 1184 1526 1214 aurum

391 1233 431 1266 et
460 1239 482 1266 ο
514 1238 569 1265 es.

390 1240 545 1317 foropet
572 1275 812 1325 eloquentia.
864 1275 941 1324 Ag.
970 1278 994 1315 2
1022 1276 1062 1315 in
1089 1276 1249 1316 comitio
1275 1288 1325 1315 ac
1351 1275 1450 1315 foro.
1477 1274 1527 1314 A.

391 1331 428 1379 2,
456 1331 507 1370 34
533 1327 559 1367 f.
588 1328 628 1367 in
655 1326 741 1366 foro
769 1329 810 1365 et
837 1325 997 1365 iudicio.
1038 1327 1087 1366 A.
1115 1329 1153 1377 4,
1182 1329 1204 1367 7
1232 1326 1358 1366 forum
1387 1330 1427 1366 et
1453 1327 1527 1365 ius.

341 1410 350 1421 .
393 1380 544 1432 gremio
557 1390 606 1419 ac
619 1379 707 1418 sinu
718 1378 870 1416 matris.
897 1377 975 1428 Ag.
995 1381 1021 1417 4
1038 1379 1078 1416 in
1103 1378 1219 1419 huius
1243 1376 1415 1429 (matris)
1439 1378 1528 1417 sinu

354 1476 356 1478 v
394 1431 735 1480 indulgentiaque.
775 1429 824 1467 A.
842 1431 941 1478 6,45
955 1429 982 1467 f.
1010 1431 1050 1468 in
1072 1430 1159 1469 sinu
1179 1430 1245 1469 avi
1262 1429 1500 1479 perdicerat.

390 1482 551 1533 ingenio
578 1494 627 1522 ac
655 1479 809 1531 spiritu.
839 1482 860 1520 1
882 1483 1083 1521 oratorum
1109 1480 1280 1531 ingeniis
1307 1480 1527 1531 gloriaque.

395 1535 526 1580 Quint.
553 1533 687 1573 mentia
713 1545 761 1572 ac
786 1532 946 1584 spiritus
973 1533 1012 1572 in
1038 1533 1209 1573 dicendo.
1244 1533 1292 1573 G.
1320 1535 1370 1573 29
1397 1536 1529 1571 mente

394 1588 620 1636 animoque.
673 1585 721 1623 A.
751 1587 787 1633 3,
816 1586 866 1624 55
892 1584 1026 1625 laudis
1053 1588 1094 1625 et
1120 1585 1277 1625 artium.

1564 123 1614 166 17

1604 254 1664 293 19.
1703 250 1852 290 iudicio
1879 256 1919 291 et
1946 252 2162 291 intellectu.
2214 255 2267 294 20
2291 252 2457 294 auribus
2483 257 2525 293 et
2550 252 2719 293 iudiciis.
2758 253 2835 303 Ag.

1702 305 1754 343 43
1780 302 1930 342 honore
1955 303 2193 354 iudicioque.

1599 355 1662 395 20.
1699 353 1896 394 laetitiam
1931 357 1971 394 et
2003 355 2336 404 pulchritudinem
2373 356 2581 398 orationis.
2637 357 2687 396 21
2726 355 2837 395 laeti-

1699 406 1797 446 tiam
1823 406 2083 456 nitoremque.
2117 407 2193 457 Ag.
2207 410 2234 447 4
2259 407 2286 446 f.
2313 409 2647 458 pulchritudinem
2673 418 2723 446 ac
2750 418 2837 457 spe·

1701 458 1803 497 ciem
1829 479 1880 487 —
1907 458 2072 508 gloriae.
2104 458 2153 498 A.
2168 461 2205 510 3,
2234 461 2285 500 34
2309 460 2434 500 multa
2460 460 2632 501 duritiae
2657 461 2838 498 veterum

1701 509 1743 548 in
1777 510 1918 549 melius
1952 513 1992 548 et
2025 510 2169 549 laetius
2203 513 2370 549 mutata.
2420 511 2469 549 A.
2504 515 2542 563 4,
2579 513 2630 552 33
2663 510 2838 549 Punicas

1700 561 1951 599 Romanasne
1977 562 2085 600 acies
2111 562 2256 601 laetius
2283 562 2485 601 extuleris.

1695 611 1925 660 malignitas
1953 614 1993 651 et
2019 611 2184 651 invidia.
2218 613 2269 652 25
2295 623 2376 652 non
2401 612 2650 663 malignitate
2676 622 2752 652 nec
2779 610 2836 650 in·

1699 661 1822 702 vidia.
1875 663 1938 702 Pl.
1975 663 2024 702 P.
2062 665 2112 704 58
2154 664 2255 703 livor-
2292 670 2330 703 et
2365 666 2455 703 mal.
2507 664 2586 714 Ag.
2611 666 2661 703 41
2687 662 2716 702 f.
2754 673 2835 701 ma·

1699 713 1884 764 lignitate
1917 718 1957 754 et
1988 715 2126 754 livore.
2180 716 2231 755 H.
2260 718 2295 764 1,
2337 718 2358 754 1
2386 716 2627 755 obtrectatio
2661 719 2703 753 et
2734 715 2839 752 livor

1654 773 1657 777 ·
1699 787 1750 794 —
1786 766 2040 815 malignitati.
2093 767 2142 805 H.
2182 771 2215 816 1,
2253 768 2302 806 65
2342 766 2559 807 aemulatio
2598 769 2640 805 et
2671 764 2837 804 invidia.

1701 817 1751 855 H.
1778 818 1817 865 2,
1840 819 1903 855 21.
1933 819 2020 856 101.
2048 819 2085 865 3,
2115 819 2164 856 65
2199 817 2350 856 invidia
2379 821 2421 857 et
2450 817 2731 857 aemulatione.
2784 815 2836 854 H.

1699 869 1737 928 2,
1765 868 2020 957 {lgiaodiorum
2048 868 2315 919 invidiaeque.
2367 870 2416 908 A.
2439 872 2477 920 3,
2502 870 2552 908 10
2574 867 2603 906 f.
2636 866 2771 906 odium
2797 868 2840 904 et

1697 931 1781 957 invi
1850 931 1902 958 m.
2641 935 2646 940 ·

1699 970 1846 1021 quietis
1874 974 1915 1010 et
1941 970 2182 1011 securitatis.
2236 974 2283 1011 11
2311 974 2459 1011 statum
2484 982 2534 1011 ac
2566 970 2838 1011 securitatem.

1700 1021 1751 1059 H.
1780 1025 1816 1070 1,
1851 1024 1901 1060 66
1947 1023 2117 1060 salutem
2162 1023 2563 1071 incolumitatemque.
2627 1022 2677 1059 H.
2712 1024 2750 1069 3,
2785 1022 2837 1058 53

1701 1073 1870 1112 salutem
1905 1073 2253 1124 securitatemque.
2305 1073 2353 1113 A.
2381 1075 2419 1123 3,
2446 1074 2497 1113 28
2530 1072 2742 1112 multorum
2770 1081 2836 1110 ex·

1701 1124 1774 1164 cisi
1801 1127 1931 1164 status
1959 1125 2204 1177 (Qetmbgen).

1699 1175 1814 1214 initia
1842 1176 1889 1214 et*
1910 1176 2074 1215 semina.
2127 1177 2256 1219 Quint.
2298 1181 2324 1215 i.-
2351 1179 2537 1226 quaeda-⁸
2562 1188 2610 1212 ac
2636 1188 2668 1212 s.
2721 1173 2769 1210 A.
2801 1175 2837 1220 1,

1700 1229 1749 1264 41
1779 1227 2151 1266 semina—motus.
2179 1228 2227 1266 A.
2251 1231 2312 1277 11,
2341 1231 2366 1267 9
2393 1239 2490 1266 sem.
2517 1246 2569 1254 —·
2595 1222 2839 1263 rebellionis.

1597 613 1660 652 23.

1599 973 1661 1012 10.

1597 1177 1660 1216 33.

1600 1279 1660 1317 12.
1699 1276 1804 1315 inter
1837 1276 1976 1316 sordes
2009 1280 2049 1316 et
2087 1278 2287 1318 lacrimas.
2338 1277 2388 1317 A.
2417 1279 2455 1327 6,
2483 1278 2508 1317 8
2535 1279 2645 1315 metu
2678 1285 2728 1313 ac
2756 1284 2837 1312 sor-

1701 1328 1818 1366 dibus
1847 1328 2192 1367 conflictabantur.

1596 1381 1662 1420 28.
1700 1377 1833 1417 studia
1861 1390 2056 1429 curasque
2083 1401 2133 1408 —
2160 1380 2413 1418 remissiones
2450 1379 2654 1436 lususque.
2707 1375 2785 1424 Ag.
2814 1376 2840 1414 3

1700 1433 1882 1480 tempora
1910 1442 2090 1470 curarum
2105 1431 2471 1482 remissionumque.
2528 1427 2606 1468 C'zc.
2625 1426 2747 1467 animi
2771 1439 2839 1466 re-

1701 1481 1917 1521 missionem
1945 1483 2158 1534 ludumque.

1651 1560 1662 1571 .
1700 1533 1830 1571 visum
1865 1536 1905 1571 et
1945 1534 2093 1573 oculos.
2155 1534 2203 1574 G.
2238 1537 2289 1574 33
2322 1532 2581 1573 oblectationi
2620 1530 2839 1579 oculisque.

1703 1585 1856 1625 Lucret.
1884 1586 1922 1635 5,
1951 1587 2025 1626 102
2054 1587 2249 1626 oculorum
2275 1586 2371 1626 visu.

1367 1741 1416 1792 B.
1454 1740 1747 1794 ADOECTWA.

397 1843 638 1882 Accuratam
665 1823 1009 1893 meditatamque.-
1046 1845 1124 1882 Cic.
1152 1855 1188 1881 a.
1216 1850 1253 1882 et
1277 1856 1324 1881 m.

346 1923 355 1932 .
397 1895 517 1933 altior
550 1900 590 1933 et
621 1896 829 1933 excelsior.
880 1895 958 1942 Ag.
990 1895 1017 1932 4
1059 1905 1229 1942 magnae
1269 1894 1533 1945 excelsaeque

394 1945 560 1995 gloriae.
586 1945 635 1985 A.
650 1947 687 1996 3,
700 1947 751 1985 53
763 1945 892 1984 maius
904 1943 1058 1995 aliquid
1071 1947 1111 1982 et
1124 1944 1335 1984 excelsius.
1361 1947 1418 1985 ΡΙ.
1435 1948 1481 1985 E.
1494 1947 1532 1995 9,

394 1998 445 2034 26
469 1999 686 2046 plerumque
711 1999 798 2034 altis
825 2003 862 2034 et
889 1999 1048 2034 excelsis
1075 1998 1252 2034 adiacent
1278 1999 1450 2046 abrupta.

348 2077 357 2085 .
398 2047 583 2097 angustis
618 2050 658 2087 et
691 2046 882 2087 brevibus
908 2069 959 2075 —
985 2045 1165 2085 terminis
1196 2044 1380 2086 cluditur.
1432 2046 1481 2088 G.
1509 2047 1533 2087 6

396 2098 514 2138 hasta
541 2120 592 2127 -
618 2102 790 2149 angusto
817 2101 858 2138 et
883 2097 997 2146 brevi
1023 2097 1142 2137 ferro.
1182 2100 1238 2138 Pl.
1265 2100 1310 2138 Ε.
1338 2101 1376 2150 2,
1405 2101 1428 2139 7
1453 2103 1535 2139 vita

397 2153 518 2190 brevis
531 2158 568 2189 et
583 2165 619 2189 a.
674 2154 727 2189 Pl.
754 2153 800 2189 E.
828 2152 866 2200 3,
895 2152 930 2188 7.
958 2151 995 2198 9,
1023 2152 1048 2188 2
1075 2157 1151 2188 tam
1176 2154 1343 2198 any-osus
1367 2154 1534 2191 terminis

397 2203 654 2249 concluditur,-
679 2215 790 2252 quam
814 2214 851 2239 a.
879 2204 1045 2240 leminis
1072 2203 1304 2241 claudamur.

401 2252 590 2302 antiquos
617 2255 657 2291 et
682 2255 855 2291 veteres.
908 2254 965 2291 Pl.
993 2254 1036 2290 P.
1065 2254 1127 2300 11,
1153 2253 1180 2290 4
1209 2254 1295 2291 illos
1326 2259 1472 2292 veteres
1498 2261 1534 2292 et

401 2308 572 2355 antiquos
599 2306 815 2345 aemularis.

392 2357 550 2394 'certam
569 2360 609 2394 et
628 2355 809 2394 solidam.
849 2357 927 2394 Cic.
954 2357 1114 2394 solidam
1130 2369 1330 2405 veramque
1349 2358 1505 2394 laudem.

401 2407 551 2443 claram
578 2412 618 2444 et
645 2407 850 2445 inlustrem
877 2405 1108 2444 orationem·
1134 2408 1190 2444 Pl.
1210 2408 1252 2444 Ε.
1264 2407 1303 2454 6,
1315 2408 1366 2445 29
1393 2422 1532 2446 causas

401 2459 446 2497 cl.
474 2464 512 2498 et
535 2460 602 2498 inl.
1250 2485 1268 2498 .

400 2508 657 2559 conspicuum
685 2511 725 2546 et
753 2510 1000 2546 eminentem.
1060 2508 1111 2544 Η.
1140 2510 1176 2556 3,
1207 2510 1255 2545 17
1288 2508 1457 2558 insignis
1485 2529 1534 2536 —

403 2559 653 2609 conspicuus.
693 2559 806 2606 H.-4,
834 2560 884 2597 42
912 2570 962 2596 m.
991 2558 1179 2597 inlustres
1204 2581 1257 2586 —
1283 2559 1533 2609 conspicuas.

400 2609 585 2649 fabulosa
619 2609 735 2648 nimis
768 2613 808 2648 et
846 2609 1081 2659 composita.
1132 2609 1210 2659 Ag.
1236 2611 1288 2649 40
1324 2609 1458 2649 fictum
1485 2622 1534 2649 ac

401 2662 675 2711 compositum.
728 2660 776 2699 A.
804 2662 841 2711 6,
868 2662 919 2699 24
956 2659 1171 2699 meditatas
1198 2661 1532 2711 compositasque.

404 2712 453 2750 A.
481 2714 518 2761 6,
545 2715 597 2753 28
623 2712 650 2751 f.
682 2713 835 2750 incerta
863 2715 903 2750 et
929 2710 1124 2750 fabulosis
1149 2714 1281 2750 aucta.
1319 2711 1368 2750 A.
1397 2715 1444 2751 11
1485 2714 1535 2752 27

399 2762 627 2803 fabulosum
653 2764 703 2803 iri
725 2785 776 2792 —
798 2763 870 2803 sed
896 2762 996 2802 nihil
1022 2763 1344 2814 compositum-
1364 2739 1534 2804 tradam.

401 2813 537 2853 firmus
559 2819 601 2855 et
625 2815 852 2855 duraturus.
905 2817 982 2854 Cic.
1009 2817 1037 2864 f.
1066 2823 1103 2854 et
1125 2817 1279 2855 stabilia.
1431 2819 1437 2825 '

400 2864 589 2904 fortuitae
616 2871 655 2904 et
684 2867 843 2905 subitae
870 2865 1069 2904 dictionis.
1103 2866 1152 2905 G.
1173 2869 1221 2905 11
1248 2867 1324 2905 nisi
1342 2866 1440 2916 quid
1457 2866 1533 2905 for-

401 2915 544 2954 tuitum
571 2919 611 2955 et
638 2916 826 2956 subitum.
878 2919 956 2956 Cic.
980 2931 1010 2956 s.
1038 2924 1076 2956 et
1099 2919 1128 2966 f.
1503 2945 1505 2947 ψ

402 2966 554 3004 horridi
587 2971 628 3004 et
659 2968 830 3016 impoliti
864 2971 904 3006 et
933 2967 1054 3006 rudes
1086 2971 1127 3007 et
1151 2968 1351 3008 informes.
1403 2969 1480 3018 Ag.
1508 2971 1533 3008 3

403 3016 607 3055 incondita
633 3028 682 3055 ac
708 3017 798 3056 rudi
823 3029 935 3057 voce.
969 3017 1019 3056 A.
1047 3020 1109 3068 12,
1136 3019 1186 3059 35
1212 3031 1264 3058 m.
1291 3018 1411 3059 rudes
1424 3024 1465 3059 et
1476 3019 1531 3058 in—

403 3067 551 3107 formes
584 3078 771 3108 saxorum
803 3078 1032 3119 compages.
1082 3070 1131 3109 A.
1155 3071 1194 3121 4,
1214 3072 1263 3110 16
1294 3081 1345 3110 ex
1371 3070 1532 3110 horrida

404 3119 474 3158 illa
501 3119 754 3169 antiquitate.
808 3120 858 3157 H.
877 3122 914 3169 2,
937 3123 983 3158 11
1007 3120 1035 3158 f.
1068 3121 1265 3172 horridus,
1296 3122 1532 3172 incomptus.

405 3172 454 3210 A.
482 3173 544 3219 15,
570 3172 620 3209 67
655 3182 796 3209 sensus
818 3170 1042 3219 incomptos
1069 3175 1110 3211 et
1134 3172 1304 3212 validos.
1343 3173 1394 3211 H.
1421 3175 1458 3222 2,
1486 3175 1537 3212 80

404 3234 456 3261 ιιι.
495 3221 595 3262 satis
622 3220 789 3261 decorus
822 3220 942 3261 etiam
970 3220 1127 3262 Graeca
1162 3221 1362 3264 facundia.
1420 3224 1469 3264 A.
1497 3225 1534 3273 6,

406 3276 455 3313 15
481 3277 663 3324 comptae
688 3271 911 3312 facundiae.
972 3273 1022 3311 H.
1049 3277 1084 3322 1,
1107 3275 1156 3314 19
1184 3275 1378 3325 comptior
1394 3287 1535 3315 sermo.

405 3324 455 3364 G.
483 3327 532 3365 14
549 3325 577 3364 f.
616 3324 805 3374 incompti
838 3328 1057 3373 apparatus
1093 3324 1332 3376 (epularum)
1370 3326 1419 3366 A.
1446 3329 1483 3376 3,
1511 3329 1535 3366 2

404 3376 605 3426 incompta
631 3376 757 3426 sigua.

1603 1845 1666 1882 35.
1708 1844 1893 1893 cogitans
1919 1845 2018 1882 nihil
2043 1846 2192 1883 humile
2218 1845 2284 1882 vel
2308 1843 2520 1881 abiectum.
2563 1842 2613 1880 A.
2644 1843 2706 1888 13,
2733 1842 2783 1878 46
2809 1840 2835 1877 f.

1706 1895 1786 1934 nisi
1822 1895 2022 1935 abiectum
2061 1900 2102 1935 et
2141 1894 2356 1935 sordidum.
2408 1895 2486 1934 Cic.
2519 1895 2612 1934 nillil
2648 1893 2841 1939 abiectum,

1707 1948 1802 1984 nillil
1824 1949 1958 1985 hunnile
1984 1952 2177 1997 coquat-e,-
2205 1949 2328 1994 Quint.
2354 1948 2410 1984 Pl.
2786 1991 2796 2000 .

1707 1996 1929 2035 inauditum
1956 2002 1998 2036 et
2023 1997 2285 2036 indefensum.
2313 1997 2364 2035 H.
2379 1999 2416 2045 1,
2429 1996 2516 2034 6m.
2544 1991 2714 2033 inauditi
2725 1994 2766 2032 et
2784 2005 2843 2032 m-

1709 2045 1863 2087 defensi
1889 2050 2094 2099 tamquam
2121 2048 2364 2087 innocentes.
2403 2046 2454 2085 H.
2467 2048 2504 2096 2,
2519 2048 2569 2084 10
2583 2055 2636 2082 ιιι.
2663 2042 2841 2082 indefen-

1679 2144 1684 2148 ,
1709 2110 1797 2138 sum
1824 2103 1864 2138 et
1891 2100 2123 2139 inauditum.
2156 2100 2205 2139 A.
2218 2102 2256 2148 2,
2270 2101 2318 2138 77
2336 2111 2388 2137 ιιι.
2415 2097 2638 2135 inauditum
2664 2098 2707 2133 et
2732 2094 2841 2134 inde-

1708 2150 1875 2190 fensum.
1897 2153 1954 2193 VH.
1967 2154 2004 2201 3,
2019 2155 2066 2190 71
2081 2152 2107 2190 f.
2136 2150 2383 2190 indefensum
2410 2151 2450 2188 et
2475 2147 2731 2197 indireptum.

1629 2203 1667 2240 5.
1706 2202 2008 2241 inexercitatam
2036 2206 2077 2241 et
2102 2202 2253 2240 rudem.
2306 2204 2382 2240 Cic.
2409 2213 2442 2238 r.
2470 2207 2508 2239 ει
2530 2203 2634 2238 inea.

1706 2253 1913 2302 imperitus
1941 2256 1981 2292 et
2008 2253 2129 2292 rudis.
2184 2256 2262 2292 Cic.
2287 2257 2373 2302 iaenp.
2400 2258 2437 2290 et
2461 2264 2494 2289 r.

1656 2332 1666 2342 .
1705 2304 1854 2344 laetum
1881 2307 1921 2344 et
1948 2305 2132 2344 alacrem.
2186 2306 2263 2343 Cic.
2292 2303 2413 2352 Quint.
2441 2304 2496 2342 Pl.
2525 2315 2561 2341 a.
2590 2308 2628 2340 ee
2654 2303 2679 2339 l.

1629 2358 1666 2394 9.
1705 2356 1864 2394 laudem
1891 2356 2048 2394 inanem
2076 2360 2116 2394 et
2142 2354 2429 2394 infructuosam
2456 2375 2507 2381 -
2534 2354 2751 2392 clamorem
2778 2363 2843 2390 va-

1711 2418 1805 2455 gum
1833 2409 1874 2444 et
1900 2417 2021 2454 voces
2047 2406 2184 2445 inanes
2212 2408 2252 2445 et
2278 2404 2469 2455 gaudium
2501 2404 2680 2444 volucre.
2733 2403 2782 2442 A.
2807 2405 2844 2450 3,

1710 2458 1762 2497 54
1788 2456 1814 2496 f.
1855 2456 2125 2508 (offensiones)
2164 2456 2304 2495 inanes
2342 2459 2383 2495 et
2409 2456 2553 2494 inritas
2584 2465 2717 2505 neque
2748 2454 2843 2491 mihi

1709 2512 1780 2546 aut
1806 2509 1923 2546 vobis
1949 2509 2038 2546 usui
2064 2509 2232 2547 futuras.
2265 2509 2314 2546 A.
2328 2506 2471 2557 3‚50f.
2501 2504 2843 2545 studia—inania

1709 2561 1750 2599 et
1776 2558 1884 2599 fluxa
1911 2570 1985 2598 nec
2012 2558 2231 2609 quidquam
2249 2569 2375 2609 grave
2393 2569 2442 2598 ac
2461 2557 2618 2598 serium.
2650 2556 2699 2596 A.
2716 2557 2774 2604 13,
2789 2556 2838 2593 19

1707 2610 1897 2650 instabile
1930 2621 1980 2649 ac
2012 2610 2162 2650 fluxum
2189 2632 2240 2639 —
2265 2610 2373 2650 fama
2399 2609 2616 2660 potentiae.
2668 2608 2716 2645 A.
2750 2609 2788 2655 3,
2816 2609 2841 2643 8

1708 2660 1812 2700 falsa
1840 2665 1880 2699 et
1907 2661 2054 2699 inania.

1632 2714 1670 2753 8.
1707 2712 1835 2751 libero
1862 2715 1902 2751 et
1929 2713 2115 2762 ingenuo.
2157 2715 2230 2752 Cic.
2257 2716 2332 2762 inq.
2359 2719 2396 2751 ct
2422 2712 2481 2750 lib.

1606 2765 1669 2805 39.
1709 2763 1829 2804 liberi
1857 2766 1898 2804 et
1925 2763 2055 2804 soluti.
2111 2766 2188 2804 Cic.
2215 2766 2239 2804 l.
2267 2771 2304 2803 ee
2330 2776 2373 2811 a,
2412 2775 2442 2801 ε.
2469 2773 2518 2800 ac
2543 2763 2568 2800 Ι.

1605 2819 1670 2857 32.
1709 2828 1878 2866 magnas
1916 2820 1956 2855 et
1994 2827 2139 2865 graves
2184 2826 2337 2854 causas.
2402 2816 2456 2852 Pl.
2496 2815 2541 2852 E.
2581 2813 2620 2861 5,
2659 2813 2685 2850 8
2723 2825 2770 2850 m.
2811 2819 2847 2850 et

1734 2898 1743 2906 .
1771 2881 1804 2906 c.
2075 2873 2093 2882 ·

1607 2921 1668 2959 19.
1707 2883 1848 2957 {nram
1867 2921 1907 2956 et
1924 2917 2121 2955 eximiam.
2150 2919 2227 2956 Cic.
2255 2918 2458 2966 singularia
2485 2918 2697 2965 emaque
2714 2917 2842 2952 civ-tua

1604 2972 1667 3009 36.
1705 2972 1857 3007 mutum
1883 2972 1923 3006 et
1950 2969 2159 3016 elinguem.
2215 2969 2291 3006 Le‘v.
2323 2981 2370 3006 m.
2399 2974 2437 3006 ct
2464 2980 2496 3005 e.

1628 3022 1665 3060 6.
1704 3030 1848 3058 novam
1875 3022 1916 3056 et
1941 3021 2141 3056 recentem
2169 3029 2317 3056 curam.
2370 3019 2396 3057 8
2422 3016 2539 3055 novis
2557 3018 2598 3055 et
2613 3015 2842 3054 recentibus

1706 3069 1912 3120 exemplis.
1965 3069 2017 3107 H.
2030 3071 2068 3119 4,
2082 3070 2131 3108 65
2144 3080 2197 3106 m.
2224 3080 2331 3107 nova
2358 3072 2400 3107 et
2425 3066 2601 3107 recentia
2627 3065 2726 3103 iura.
2765 3066 2842 3104 Cic.

1710 3135 1788 3160 rec.
1816 3128 1853 3160 et
1877 3135 1915 3159 n.

1709 3184 1816 3211 nova
1845 3174 1885 3211 et
1913 3171 2129 3221 incognita.
2185 3173 2235 3212 19
2259 3171 2375 3211 novis
2393 3172 2433 3209 et
2450 3166 2673 3217 exquisitis.
2711 3165 2761 3205 A.
2783 3167 2845 3215 13,

1710 3225 1760 3264 35
1793 3223 1912 3274 quasi
1944 3234 2049 3262 nova
2085 3226 2126 3263 et
2157 3223 2269 3262 mira.
2321 3224 2398 3262 cic.
2425 3221 2646 3258 reconditae
2672 3221 2847 3269 exquisi-

1711 3283 1844 3326 eaeque
1862 3280 2092 3323 scutalia,-
2119 3278 2338 3325 exquisitius
2364 3279 2400 3311 cl
2416 3273 2566 3310 mim
2581 3271 2736 3320 vulgare
2749 3281 2847 3308 ora-

1711 3330 1824 3367 tionis
1848 3341 1975 3376 oenus.

1612 3379 1673 3417 18.
1714 3377 1920 3418 Gracchus
1957 3377 2112 3427 plenior
2143 3380 2183 3416 et
2208 3375 2379 3415 uberior.
2437 3376 2512 3413 Cic.
2530 3375 2594 3412 Gr.
2619 3376 2672 3422 pl.
2701 3375 2851 3413 elaad

1606 1999 1669 2036 16.

1610 3175 1670 3213 19.
