3147 3774
1412 103 1704 146 „22-

366 233 423 278 H.
454 240 490 286 1,
518 240 542 276 2
569 236 683 286 plura
711 246 746 273 e.
774 245 823 272 ac
850 230 1084 283 plerumque
1102 230 1322 282 permixta:
1350 242 1512 281 prospe-

370 299 494 389 Η.Υῗῗ
515 310 683 386 ffi’post
709 336 941 386 praeturam
968 333 1224 385 praepositus
1239 333 1513 384 probatusque

369 387 772 489 H.—2-,p4rgbp(;imum
811 417 944 487 sama,
972 435 1065 476 dein
1103 434 1264 487 profugi
1303 448 1325 477 e
1362 437 1513 487 proelio

421 490 602 541 perditas
617 501 683 529 res
696 488 962 539 patefaciunt:
991 509 1043 516 —
1069 488 1242 537 proximi
1254 500 1444 538 prensare
1458 502 1513 538 g.,

425 540 727 591 promptissimo
741 540 875 578 Plotio
903 539 964 588 F.,
994 539 1029 577 is
1055 539 1248 588 praetorii
1275 539 1515 589 praefectus.

367 593 541 683 A.m1t,is3
569 591 703 641 posita
730 590 873 641 puerili
900 593 1114 639 praetexta
1140 589 1345 639 principes
1378 590 1513 630 iuven-

858 693 906 728 B

362 743 416 783 H.
443 745 482 792 4,
510 745 560 782 42
587 754 640 782 ιιι.
679 743 864 782 Retinete
903 743 949 781 P.
986 743 1031 782 C.
1060 746 1101 782 et
1127 745 1346 782 reservate.
1401 743 1450 782 A.
1478 746 1517 794 4,

418 795 470 834 33
497 805 549 832 m.
577 793 750 832 retinent
777 804 826 832 ac
854 793 1146 842 redintegrant.

366 845 415 885 A.
443 847 482 894 2,
510 846 561 883 24
588 843 615 882 f.
644 845 751 893 rapti
779 848 820 883 et
848 844 1006 883 remissi
1032 857 1058 883 a
1085 844 1250 894 regulis.
1296 845 1344 884 A.
1374 846 1437 894 15,
1468 847 1515 885 15

417 898 561 946 raptae
590 907 645 946 ν.,
673 898 834 936 retenta
862 907 899 935 a.

264 1050 324 1086 11.
366 1049 527 1088 Statum
554 1071 605 1077 —
633 1060 682 1088 ac
710 1049 982 1088 securitatem.
1034 1049 1084 1085 32
1113 1058 1253 1086 sensus
1281 1051 1322 1085 et
1353 1068 1394 1074 —
1427 1058 1512 1085 sen-

368 1099 534 1140 tentias.

367 1151 420 1191 H.
447 1154 487 1202 4,
515 1153 566 1191 85
603 1151 638 1190 si
677 1154 807 1189 status
841 1149 995 1199 imperii
1033 1151 1104 1186 aut
1138 1148 1247 1187 salus
1277 1147 1511 1187 Galliarum.

367 1203 420 1242 Η.
449 1206 486 1252 3,
515 1205 566 1242 53
592 1203 762 1241 salutem
790 1202 1140 1248 securitatemque.

368 1253 447 1304 Ag.
475 1256 525 1293 22
564 1255 761 1292 secretum
789 1254 830 1290 et
853 1250 1072 1290 silentium.

368 1305 447 1354 Ag.
476 1306 499 1343 6
540 1304 580 1342 ἰιι
620 1302 843 1342 subsidium
883 1306 924 1341 et
951 1302 1151 1341 solatium.
1205 1302 1283 1352 Ag.
1312 1304 1365 1341 30
1402 1313 1513 1352 spem

421 1366 471 1392 ac
499 1354 735 1393 subsidium.

365 1404 445 1455 Ag.
474 1406 526 1445 34
559 1404 684 1445 silvas
712 1403 934 1453 saltusque.
986 1402 1036 1443 A.
1064 1404 1103 1452 2,
1131 1403 1181 1442 14
1216 1402 1341 1443 silvas
1368 1404 1410 1442 et
1438 1402 1513 1442 sal-

419 1459 499 1495 tus.

366 1507 416 1546 G.
445 1509 494 1545 31
524 1517 646 1556 super
672 1505 910 1554 sanguinem
938 1508 979 1543 et
1006 1504 1148 1554 spolia.
1201 1504 1253 1542 H.
1280 1506 1318 1553 4,
1350 1506 1398 1543 14
1425 1516 1513 1553 spo-

416 1557 484 1596 liis
511 1560 552 1596 et
581 1556 789 1607 sanguine.

366 1608 418 1647 H.
446 1610 485 1659 4,
515 1610 565 1648 72
593 1607 882 1658 stipendiorum
911 1610 951 1646 et
980 1606 1222 1645 sacramenti
1242 1605 1359 1644 diem.
1387 1606 1435 1644 A.
1452 1608 1513 1656 15,

420 1661 471 1700 29
499 1672 552 1698 ιιι.
580 1658 729 1708 aquilis
756 1658 961 1708 signisque
990 1660 1030 1697 et
1058 1657 1281 1696 simulacris
1309 1657 1347 1695 d.

370 1710 425 1750 H.
452 1713 491 1760 2,
519 1712 569 1750 22
597 1709 759 1759 sagittis
785 1712 856 1748 aut
884 1708 1008 1749 saxis.
1037 1708 1087 1747 H.
1116 1710 1154 1758 3,
1182 1710 1232 1749 27
1261 1708 1423 1758 sagittis
1452 1719 1511 1747 sa-

422 1762 577 1812 xisque.
637 1762 686 1798 A.
716 1762 753 1809 6,
783 1763 804 1798 1
835 1771 935 1798 saxa
964 1762 1005 1797 et
1033 1759 1300 1798 solitudinem.

365 1813 415 1852 A.
442 1815 480 1862 4,
509 1814 561 1851 60
586 1811 762 1861 vigilias,
792 1822 966 1859 somnos,
994 1809 1179 1858 suspiria.
1252 1852 1254 1854 ,

367 1864 419 1904 H.
447 1866 485 1913 4,
513 1865 562 1902 27
590 1861 618 1900 f.
648 1863 844 1902 scelerum
878 1873 927 1901 ac
967 1860 1266 1911 suppliciorum.
1320 1862 1369 1901 A.
1397 1863 1435 1911 4,
1464 1864 1514 1902 33

417 1914 445 1953 f.
485 1924 617 1953 rerum
644 1912 902 1953 similitudine
930 1915 971 1951 et
999 1912 1202 1950 satietate.

364 1965 413 2005 A.
444 1967 508 2014 16,
535 1966 587 2003 22
614 1976 666 2002 ιιι.
696 1966 918 2003 sectatores
945 1963 1012 2001 vel
1038 1963 1174 2012 potius
1202 1963 1409 2001 satellites.

262 2018 324 2055 13.
365 2027 550 2055 securum
583 2018 624 2054 et
652 2016 849 2053 secretum
894 2013 1078 2064 (Farnes.
1112 2015 1153 2052 et
1191 2012 1337 2062 Paris.)
1392 2014 1512 2063 Verg.

365 2077 581 2106 secessum.

368 2119 421 2158 H.
454 2121 492 2167 2,
527 2120 576 2157 15
622 2128 807 2156 securum
846 2115 886 2154 h.
927 2119 969 2154 et
1008 2126 1197 2154 successu
1233 2129 1266 2154 r.
1307 2115 1514 2156 socordius

416 2181 444 2209 a
475 2180 558 2208 ens.

366 2220 416 2258 H.
445 2180 483 2268 Ξ,
513 2221 563 2257 73
590 2218 804 2267 superbiae
834 2217 1136 2268 socordiaeque.
1171 2218 1222 2255 H.
1251 2220 1288 2267 3,
1317 2221 1364 2256 31
1394 2218 1421 2254 f.
1451 2228 1513 2255 su-

421 2269 603 2319 perbiam
631 2268 937 2317 saevitiamque.
990 2268 1041 2307 H.
1069 2270 1108 2317 3,
1137 2271 1186 2309 77
1227 2269 1398 2318 superbe
1429 2279 1513 2307 sae-

421 2332 565 2372 veque.
628 2319 678 2360 A.
709 2322 745 2370 1,
773 2320 822 2359 72
862 2318 903 2358 in
943 2319 1155 2359 saevitiam
1195 2320 1516 2370 superbiamque.

418 2373 468 2411 A.
497 2375 522 2411 3
563 2374 616 2410 40
655 2371 827 2410 saevitia
859 2382 909 2408 ac
942 2371 1144 2419 superbia.
1197 2372 1246 2409 A.
1288 2374 1325 2421 6,
1360 2375 1409 2410 31
1453 2383 1515 2409 su-

419 2400 602 2473 perbiam
631 2445 696 2471 —,
725 2420 938 2461 saevitiam
965 2442 1029 2460 —.

368 2473 419 2514 G.
446 2475 472 2513 4
499 2473 695 2513 sinceram
723 2476 766 2512 et
791 2475 947 2511 tantum
975 2472 1038 2511 sui
1065 2473 1247 2512 similem.

369 2524 421 2563 H.
451 2526 489 2573 3,
517 2526 567 2563 38
596 2524 698 2562 sciat
726 2527 767 2561 et
794 2523 942 2561 sentiat
969 2524 1108 2562 vivere
1135 2524 1352 2563 Vitellium.

370 2575 421 2615 H.
450 2576 488 2623 4,
517 2576 569 2614 24
598 2577 705 2613 stare
734 2576 889 2622 contra,
919 2576 1072 2614 struere
1101 2575 1241 2614 aciem.
1296 2619 1299 2622 ,

1689 232 1737 271 A.
1765 234 1803 282 2,
1831 235 1881 272 42
1921 234 2076 283 statuit,
2105 236 2344 287 struxitque.
2398 235 2446 276 A.
2483 238 2544 286 11,
2579 238 2629 277 27
2670 239 2833 280 audisse

1741 284 1949 333 auspicum
1976 284 2116 334 verba,
2145 285 2316 337 subisse,
2345 286 2607 327 sacrificasse.

1587 336 1648 374 12.
1689 334 1860 385 strepitu
1886 356 1939 364 -
1965 335 2106 375 sordes
2149 335 2221 375 sed
2247 338 2400 378 secedit
2426 360 2476 368 —
2505 337 2669 380 sedibus
2696 341 2835 381 sacris.

1611 389 1649 425 4.
1689 386 1793 441 satis·
1817 397 2016 436 superque
2045 363 2230 425 sudatum
2257 392 2333 437 est,
2362 390 2602 429 sanctiorem
2629 412 2692 428 —.

1688 438 1767 488 Ag.
1796 439 1846 477 39
1875 440 2031 477 secreto
2060 450 2132 478 suo
2160 437 2564 482 satiatus—statuit.
2591 442 2668 493 Ag.
2698 442 2748 482 16
2775 453 2834 481 sc·

1740 489 1839 529 ditio
1868 490 1952 529 sine
1981 490 2175 539 sanguine
2204 490 2329 529 stetit.
2371 491 2420 531 G.
2447 495 2499 533 46
2527 495 2613 534 sola
2640 494 2679 533 in
2709 493 2833 543 sagit·

1738 540 1791 579 tis
1818 552 1923 600 spes.
1978 541 2029 579 H.
2057 543 2094 590 3,
2124 542 2173 580 66
2207 541 2336 591 ipsum
2365 553 2462 581 saue
2491 555 2625 584 senem
2662 548 2702 584 ct
2740 555 2833 594 pro-

1742 603 1871 640 speris
1897 590 2158 640 adversisque
2186 591 2388 641 satiatum,
2418 592 2490 631 sed
2515 615 2581 633 —.

1691 641 1741 681 H.
1769 643 1807 691 4,
1835 643 1884 681 42
1930 641 2068 692 spoliis
2112 641 2344 692 septuagies
2390 644 2578 684 sestertio
2623 645 2832 696 saginatus

1742 693 1810 744 (ex
1837 694 1939 732 coni·
1966 692 2129 740 Faerni)
2157 696 2197 731 et
2225 694 2451 733 sacerdotio
2479 694 2507 733 f.

1588 846 1650 884 22.
1691 845 1752 883 Eo
1780 868 1831 873 —
1858 847 1949 885 volo
1977 849 2084 885 tecto
2112 846 2208 896 tegi.

1690 895 1742 934 H.
1771 898 1808 947 3,
1836 899 1888 937 30
1913 897 1941 936 f.
1969 897 2151 936 trabibus
2179 896 2417 947 tegulisque.
2446 896 2496 936 H.
2513 898 2551 937 3.
2573 898 2625 938 20
2651 900 2823 937 tormen·

1746 949 1851 986 tisne
1878 961 1931 987 an
1959 949 2063 987 telis.
2117 949 2167 986 H.
2196 950 2233 998 3,
2262 951 2312 988 84
2338 948 2591 998 testudinem,
2619 952 2832 988 tormenta.

1741 1000 1791 1037 A.
1822 1000 1883 1049 15,
1912 1002 1937 1038 9
1965 1010 1998 1037 c.
2027 999 2211 1038 trabibus
2237 1011 2287 1039 ac
2313 999 2491 1039 turribus
2516 1011 2555 1039 a.

1690 1050 1738 1088 A.
1770 1051 1832 1098 16,
1859 1053 1911 1088 28
1938 1050 2038 1099 fora,
2069 1049 2240 1099 theatra,
2269 1051 2432 1100 templa.

1689 1100 1740 1139 H.
1768 1100 1806 1148 4,
1834 1101 1858 1138 2
1886 1098 1914 1138 f.
1942 1099 2080 1140 tristes
2107 1103 2148 1139 et
2173 1103 2319 1140 truces.

1692 1150 1740 1190 G.
1769 1152 1794 1189 3
1821 1153 1974 1190 terrent
2000 1151 2269 1200 trepidantve.
2298 1152 2349 1190 H.
2378 1154 2416 1202 3,
2443 1152 2493 1192 85
2520 1155 2644 1193 terret
2657 1152 2830 1193 solitudo

1742 1204 1783 1241 et
1810 1204 1992 1242 tacentes
2019 1202 2111 1252 loci,
2139 1205 2271 1242 tentat
2297 1226 2361 1242 —.

2175 1304 2234 1339 V·

1585 1357 1648 1393 31.
1689 1355 1779 1391 Vim
1806 1354 1999 1392 virtutum
2025 1355 2347 1403 pravitatemque
2373 1355 2572 1401 vitiorum.

1612 1407 1649 1446 8.
1688 1404 1976 1455 Vespasianus,
2004 1403 2247 1444 venerabilis
2275 1415 2400 1444 senex
2428 1409 2468 1446 et
2494 1418 2534 1457 p.
2563 1407 2662 1447 veri.

1688 1456 1764 1505 Ag.
1795 1459 1815 1494 1
1844 1456 1974 1494 virtus
2000 1456 2099 1494 vicit
2125 1466 2174 1494 ac
2202 1466 2233 1494 s.
2261 1474 2314 1483 —·
2340 1456 2494 1495 vitium.

1690 1507 1740 1544 H.
1769 1509 1806 1555 3,
1836 1509 1884 1545 13
1912 1506 2150 1555 Vespasiani
2178 1506 2366 1545 virtutem
2394 1507 2594 1557 viresque.

1690 1557 1767 1607 Ag.
1795 1559 1845 1597 33
1872 1560 1969 1596 vota
1996 1556 2216 1607 virtusque.
2261 1556 2340 1606 Ag.
2368 1558 2419 1597 37
2447 1558 2568 1598 victis
2595 1557 2656 1598 ira
2685 1557 2830 1598 virtus·

1743 1619 1834 1658 que.

1691 1659 1768 1709 Ag.
1798 1662 1847 1699 18
1873 1659 2082 1699 victoriam
2109 1658 2285 1698 vocabat
2296 1659 2426 1700 victos
2439 1664 2545 1700 cont.
2579 1660 2630 1701 H.
2660 1662 2698 1711 7,
2727 1662 2778 1701 74
2804 1660 2832 1698 f.

1742 1710 1839 1750 victi
1866 1711 2132 1760 victoresque.

1693 1761 1740 1800 G.
1769 1763 1820 1800 34
1856 1761 2016 1800 virtutis
2043 1773 2092 1800 ac
2118 1760 2274 1799 virium.
2328 1761 2378 1800 H.
2406 1764 2445 1811 5,
2472 1764 2523 1802 25
2559 1762 2750 1801 virtutem
2790 1765 2831 1800 et

1743 1812 1852 1851 viros
1880 1811 2014 1851 indici.

1692 1864 1742 1902 H.
1770 1865 1807 1911 3,
1835 1865 1887 1902 20
1912 1863 1940 1902 f.
1968 1863 2049 1902 vim
2076 1862 2378 1913 victoriamque.
2431 1864 2481 1903 H.
2509 1865 2547 1914 4,
2575 1865 2626 1903 69
2654 1861 2682 1902 f.
2711 1863 2833 1902 vires-

1745 1925 1822 1964 que
1848 1918 1918 1952 aut
1944 1917 2186 1952 vetustatem
2214 1914 2393 1964 originis.
2434 1915 2485 1954 H.
2505 1916 2581 1964 2,5
2601 1913 2630 1952 f.
2657 1925 2733 1964 per
2757 1914 2833 1951 vir-

1742 1968 1861 2013 tutes,
1919 1977 1962 2003 er
1987 1966 2228 2014 voluptates.

1691 2015 1742 2054 H.
1772 2018 1807 2065 1,
1835 2017 1859 2055 9
1886 1977 1916 2054 ἒ)
1941 2027 2015 2054 nec
2041 2015 2163 2063 vitiis,
2196 2026 2272 2054 nec
2297 2015 2462 2055 viribus.
2502 2016 2553 2054 H.
2581 2017 2620 2065 4,
2649 2017 2698 2054 75
2727 2025 2833 2053 vana

1744 2069 1785 2105 et
1812 2065 1897 2106 sine
1924 2065 2077 2105 viribus
2102 2065 2275 2105 nomina.

1690 2118 1741 2156 H.
1771 2121 1807 2167 1,
1836 2119 1883 2156 71
1915 2116 2043 2156 falsae
2071 2117 2240 2156 virtutes
2267 2120 2308 2156 et
2334 2116 2433 2156 vitia
2460 2115 2651 2156 reditura.

1692 2168 1739 2208 G.
1771 2170 1819 2207 10
1845 2179 1967 2207 voces
1994 2168 2234 2218 volatusque
2261 2168 2409 2207 avium.

1690 2220 1740 2256 H.
1756 2222 1790 2267 1,
1807 2221 1855 2256 18
1882 2219 2008 2256 verba
2035 2229 2083 2255 ac
2111 2229 2245 2256 voces.
2274 2220 2324 2256 H.
2338 2222 2375 2267 3,
2390 2220 2440 2256 65
2469 2218 2596 2255 verba
2622 2228 2836 2265 vocesque.

1693 2270 1744 2309 H.
1771 2271 1809 2318 4,
1838 2271 1887 2309 32
1915 2269 2076 2307 vincula
2102 2281 2154 2307 m.
2183 2271 2224 2307 et
2251 2292 2303 2298 —
2328 2279 2463 2308 voces.
2515 2268 2564 2307 A.
2595 2269 2631 2318 1,
2662 2269 2709 2306 17
2750 2279 2835 2306 ver-

1741 2320 1839 2360 bera
1868 2323 1907 2360 et
1935 2320 2115 2359 vulnera.

1693 2372 1743 2409 H.
1772 2375 1807 2421 1,
1835 2374 1885 2410 45
1914 2382 2014 2410 voce
2041 2372 2248 2420 vultuque.
2287 2371 2338 2409 H.
2357 2373 2394 2419 3,
2413 2372 2464 2409 58
2482 2382 2533 2407 m.
2561 2370 2688 2418 vultu,
2715 2380 2832 2416 voce,

1677 2431 1685 2439 ·
1747 2422 1937 2462 lacrimis.
1990 2422 2039 2462 A.
2068 2424 2105 2471 2,
2135 2424 2183 2462 17
2219 2421 2388 2472 insignis
2426 2431 2558 2470 manu,
2603 2431 2716 2470 voce,
2755 2420 2840 2460 vul·

1745 2484 1852 2512 nere.
1896 2474 1944 2511 A.
1975 2475 2037 2523 16,
2065 2474 2116 2512 29
2143 2484 2256 2523 voce,
2285 2473 2411 2522 vultu,
2443 2471 2582 2510 oculis.
2618 2471 2667 2510 A.
2702 2473 2762 2521 12,
2791 2472 2842 2511 36

1744 2524 1772 2561 f.
1801 2528 1870 2562 aut
1897 2526 2011 2562 vultu
2038 2546 2090 2553 —
2117 2528 2187 2562 aut
2215 2524 2362 2562 verbis.
2416 2523 2465 2560 A.
2496 2524 2556 2570 15,
2585 2523 2635 2562 55
2662 2523 2690 2561 f.
2725 2522 2840 2561 vocis

1742 2586 1791 2615 ac
1818 2576 1966 2615 vultus.
1994 2575 2042 2615 A.
2057 2574 2197 2624 6,50f.
2226 2586 2367 2614 vocem
2393 2585 2442 2613 ac
2468 2573 2581 2613 visus
2608 2573 2839 2623 vocarique.

1235 2748 1488 2817 ΟΡΡ
1498 2747 1854 2817 OSITA
1867 2796 1886 2815 .

925 2890 1007 2931 Ofr.
1035 2889 1225 2930 Doederl.
1254 2890 1429 2940 Proleg„
1456 2890 1608 2930 Haasei
1636 2890 1808 2939 Proleg.,
1836 2889 1983 2940 Langii
2013 2889 2172 2930 dissert.

294 3032 330 3067 1.
371 3028 454 3067 Aut
483 3025 535 3065 de
562 3024 734 3076 ingeniis
759 3025 864 3064 male
897 3022 1220 3073 existimandum,
1261 3022 1295 3062 si
1322 3022 1427 3062 idem
1454 3035 1516 3063 as-

370 3078 486 3129 sequi
523 3087 606 3117 non
643 3087 870 3127 possumus,
909 3080 980 3115 aut
1025 3076 1076 3114 de
1118 3075 1290 3124 iudiciis,
1336 3075 1370 3113 si
1407 3076 1516 3114 nolu-

293 3181 333 3220 2.
370 3140 673 3218 {xxiiia-desidiam
712 3175 1025 3216 advocationum
1064 3175 1205 3224 obicis,
1243 3176 1518 3225 quotidianum

372 3228 450 3268 hoc
476 3228 742 3279 patrocinium
769 3225 1045 3267 defendendae
1062 3226 1259 3265 adversus
1278 3230 1318 3265 te
1336 3227 1518 3276 poeticae

270 3333 333 3373 10.
372 3291 597 3372 ἶιιιθῗίῒιθοῗέε
622 3333 766 3381 poetas
792 3340 910 3371 neme
936 3329 1064 3380 novit,
1091 3328 1221 3369 bonos
1248 3327 1380 3378 pauci.

1617 3024 1654 3063 8.
1694 3021 1895 3073 principes
1933 3021 2023 3072 fori,
2062 3033 2166 3062 nunc
2203 3022 2403 3083 principes
2441 3023 2483 3063 in
2512 3021 2700 3064 Caesaris
2738 3020 2833 3059 ami-

1693 3074 1789 3113 citia
1814 3096 1865 3102 —-
1890 3075 1943 3114 ab
1972 3075 2060 3124 ipso
2087 3073 2268 3124 principe
2294 3094 2346 3103 —
2373 3071 2623 3134 diliguntjur
2728 3121 2736 3130 ⁸

1592 3126 1654 3164 12.
1692 3124 1790 3164 felix
1815 3147 1867 3154 —
1893 3125 2098 3164 saeculum
2125 3127 2166 3164 et
2192 3128 2395 3165 oratorum
2423 3129 2464 3165 et
2491 3124 2698 3164 criminum
2724 3132 2842 3171 mops

1694 3196 1747 3203 —
1772 3176 1934 3214 vatibus
1972 3174 2208 3213 abundabat
2274 3176 2315 3214 ui
2353 3176 2456 3215 bene
2494 3174 2605 3213 facta
2640 3176 2842 3221 canerent,

1695 3236 1775 3264 non
1801 3227 1906 3264 male
1932 3225 2110 3265 admissa
2138 3225 2258 3265 defen
2288 3229 2412 3264 erent.

1593 3277 1657 3317 13.
1695 3288 1769 3315 nec
1796 3276 2086 3368 irfficrantibus
2113 3277 2214 3318 satis
2241 3276 2349 3317 servi
2382 3273 2573 3315 videntur
2610 3284 2685 3315 nec
2723 3273 2841 3313 nobis

1697 3327 1798 3368 satis
1841 3328 1849 3336 '
1884 3328 1953 3368 eri.
