3147 3836
266 999 317 1073 P
319 1038 385 1077 ost
417 1033 533 1075 leves
553 1032 677 1075 Beati
700 1031 896 1075 Rhenani
916 1029 952 1088 ¹)
982 1031 1247 1087 suspiciones
1277 1029 1537 1074 clarissimus
1568 1030 1643 1074 ille
1672 1030 1905 1087 sospitator
1936 1029 2092 1085 Taciti,
2124 1031 2274 1074 Justus
2306 1030 2482 1086 Lipsius
2507 1028 2557 1087 ²),
2590 1043 2827 1074 sermonem

266 1105 410 1137 eorum
441 1105 548 1145 quos
579 1091 758 1135 Tacitus
789 1092 1027 1147 composuit
1057 1089 1189 1134 libros
1221 1094 1264 1133 et
1295 1088 1472 1145 dialogi,
1520 1089 1593 1144 qui
1624 1089 1680 1133 de
1710 1090 1951 1133 oratoribus
1979 1090 2237 1145 inscribitur,
2284 1090 2414 1133 valde
2461 1089 2677 1133 diversum
2717 1103 2826 1145 esse,

267 1151 429 1206 primus
460 1149 580 1193 vidit.
614 1150 664 1192 In
695 1150 847 1193 Tacito
884 1150 1011 1203 enim,
1050 1154 1098 1192 ut
1134 1149 1278 1204 ipsius,
1300 1149 1435 1191 verba
1466 1149 1671 1203 adferam,
1710 1149 1857 1191 stilum
1888 1149 1949 1191 ait
1986 1150 2260 1192 constrictum
2291 1149 2466 1203 ubique,
2499 1154 2694 1203 teretem,
2727 1161 2826 1191 acu-

267 1214 371 1263 tum,
403 1213 446 1251 et
477 1221 673 1252 severum
703 1208 844 1262 magis
886 1220 1016 1261 quam
1052 1207 1257 1263 lepidum,
1302 1208 1346 1249 in
1390 1207 1562 1261 dialogo
1598 1208 1741 1250 omnia
1777 1213 1942 1250 contra:
1988 1221 2129 1261 neque
2159 1209 2317 1250 mutari
2346 1209 2469 1250 illum
2499 1208 2545 1249 in
2575 1212 2722 1250 aetate
2752 1213 2828 1250 aut

267 1272 519 1321 argumento
551 1280 755 1320 umquam
785 1265 976 1322 potuisse
1007 1266 1083 1321 ita,
1115 1272 1163 1309 ut
1194 1279 1368 1321 prorsus
1398 1279 1426 1308 a
1454 1278 1549 1309 sese
1579 1266 1770 1309 abiisset.
1802 1264 2022 1320 Quidquid
2047 1266 2194 1310 Cicero
2213 1266 2443 1322 scripserit,
2477 1266 2657 1321 iuvenis,
2678 1278 2827 1320 senex,

267 1326 547 1382 philologum,
578 1325 898 1382 philosophum:
930 1325 975 1367 in
1005 1324 1067 1368 eis
1098 1329 1244 1368 tamen
1275 1324 1535 1368 lineamenta
1566 1324 1779 1379 quaedam
1810 1324 2021 1380 adparere
2053 1325 2245 1369 eiusdem
2274 1326 2356 1368 viri
2387 1331 2430 1368 et
2461 1325 2623 1369 vultus:
2653 1337 2734 1368 nec
2750 1325 2828 1367 ali-

265 1390 332 1429 ter
371 1385 464 1428 fieri
514 1386 559 1428 in
599 1385 795 1428 omnibus
835 1384 970 1428 nobis.
1030 1385 1182 1439 Neque
1235 1383 1407 1427 Curtius
1447 1384 1637 1428 Pichena
1679 1384 1894 1427 dubitavit
1945 1383 2043 1427 huic
2087 1384 2225 1440 Lipsii
2275 1384 2329 1427 de
2372 1384 2545 1439 dialogo
2589 1384 2829 1428 sententiae

264 1444 507 1500 suffragari,
551 1445 625 1499 qui
662 1458 836 1501 prorsus
871 1444 979 1487 nihil
1016 1443 1086 1487 hic
1126 1457 1234 1499 esse,
1281 1442 1396 1497 quod
1427 1443 1568 1487 Taciti
1608 1443 1789 1500 phrases
1818 1443 2050 1497 stilumque
2081 1443 2287 1498 redoleat,
2329 1443 2447 1486 haud
2477 1443 2681 1499 ambigue
2717 1442 2828 1486 iudi-

265 1503 391 1546 cavit.
451 1504 518 1546 Ex
556 1516 607 1547 eo
637 1508 829 1560 tempore
859 1504 982 1547 multi
1019 1503 1277 1547 exstiterunt
1308 1502 1504 1560 hominesv
1529 1502 1727 1546 doctrina
1758 1508 1801 1546 et
1832 1503 2006 1558 ingenio
2037 1503 2410 1558 praestantissimi,
2444 1503 2518 1557 qui
2544 1503 2698 1546 talium
2717 1502 2826 1547 viro-

267 1576 360 1604 rum
395 1563 582 1615 vestigia
622 1569 994 1617 persequerentur,
1026 1576 1196 1616 unoque
1227 1575 1300 1604 ore
1331 1563 1659 1616 conclamarent,
1691 1562 1958 1606 intercedere
1988 1567 2155 1605 tantam
2185 1563 2230 1605 in
2261 1574 2418 1616 genere
2448 1561 2620 1606 dicendi
2652 1561 2829 1606 diversi-

271 1625 418 1675 tatem,
460 1626 508 1664 ut
538 1620 629 1664 fieri
661 1635 743 1665 non
788 1627 947 1678 posset,
980 1621 1083 1676 quin
1114 1619 1298 1664 eundem
1335 1621 1585 1677 scriptorem
1621 1626 1712 1663 tam
1748 1620 1912 1677 dispari
1950 1621 2153 1663 orationis
2190 1621 2327 1663 forma
2363 1621 2426 1664 uti
2457 1621 2650 1676 potuisse
2681 1632 2830 1664 omnes

267 1692 372 1723 sano
401 1679 561 1724 iudicio
603 1680 793 1736 praediti
823 1686 1046 1735 negarent.
1108 1681 1264 1723 Nostra
1294 1679 1561 1736 potissimum
1596 1685 1742 1723 aetate
1779 1680 1864 1723 duo
1901 1681 2110 1734 imprimis
2141 1680 2255 1723 docti
2285 1681 2367 1722 viri
2397 1680 2506 1722 hanc
2542 1679 2660 1722 viam
2693 1679 2830 1735 Lipsii

267 1738 522 1781 auctoritate
552 1739 868 1795 praemunitam
898 1744 998 1783 sunt
1028 1738 1233 1794 ingressi:
1262 1738 1380 1781 Frid.
1410 1739 1518 1793 Aug.
1550 1739 1825 1782 Ecksteinius
1856 1744 1899 1781 et
1932 1739 1981 1780 G.
2014 1737 2320 1794 Bernhardyus
2351 1738 2399 1796 ⁸).

388 1797 638 1840 Concedunt
668 1798 734 1839 illi
765 1798 939 1851 quidem
970 1798 1207 1853 antiquitus
1237 1797 1401 1840 tradita
1443 1797 1687 1842 testimonia
1715 1797 1937 1853 ipsiusque
1968 1798 2100 1841 Plinii
2161 1796 2291 1853 (Epp.
2328 1799 2370 1853 9,
2407 1800 2463 1841 10
2498 1798 2568 1841 fin.
2604 1806 2828 1855 „poemata

267 1881 318 1886 —
353 1869 464 1909 quae
494 1862 543 1899 tu
572 1856 684 1899 inter
714 1870 888 1900 nemora
919 1863 961 1901 et
991 1858 1110 1901 lucos
1141 1855 1481 1901 commodissime
1516 1856 1662 1912 perfici
1697 1859 1870 1913 putas“,
1909 1869 2036 1911 quem
2073 1857 2214 1901 locum
2245 1862 2395 1913 aperte
2426 1856 2484 1900 ad
2516 1857 2734 1913 dialogum
2765 1871 2827 1903 re·

267 1914 432 1970 spicere
474 1914 554 1958 Ad.
594 1915 725 1960 Gottl.
763 1916 966 1971 Langeus
996 1912 1049 1974 ⁴),
1101 1915 1306 1970 magister
1358 1915 1460 1959 olim
1510 1916 1742 1971 Portensis,
1799 1916 2018 1972 plerisque
2069 1916 2289 1959 doctorum
2340 1916 2556 1959 hominum
2595 1918 2829 1974 persuasit)

267 1973 566 2017 auctoritatem
587 1974 885 2029 gravissimam
912 1975 1050 2019 videri
1070 1975 1312 2019 vindicasse
1339 1975 1559 2030 dialogum
1580 1976 1744 2018 Tacito.
1804 1976 1948 2018 Etiam
1988 1988 2067 2031 per
2106 1975 2264 2018 aetatis
2296 1976 2503 2018 rationem
2534 1980 2577 2018 et
2607 1977 2829 2032 propriam

267 2032 487 2087 scriptoris
526 2033 713 2077 indolem
744 2034 965 2088 dialogum
1002 2035 1153 2076 Tacito
1183 2039 1300 2076 recte
1343 2034 1581 2077 convenire.
1641 2033 1731 2077 Sed
1759 2047 1967 2077 summam
1999 2047 2225 2089 superesse
2256 2033 2549 2077 difficultatem
2580 2035 2625 2077 in
2658 2035 2832 2078 dicendi

268 2103 427 2144 genere
457 2105 484 2134 a
516 2092 657 2135 Taciti
686 2106 803 2136 more
824 2098 867 2136 et
888 2107 969 2137 usu
991 2099 1034 2136 et
1056 2098 1148 2135 arte
1169 2093 1301 2147 plane
1320 2092 1575 2137 abhorrente
1595 2093 1793 2149 positam.
1927 2123 1948 2142 .

389 2150 589 2194 Tacitum
620 2151 795 2205 quidem
826 2152 999 2196 dicendi
1029 2164 1186 2207 genere
1216 2152 1399 2208 conciso,
1429 2152 1563 2206 brevi,
1593 2152 1783 2208 sublimi,
1815 2165 1995 2195 nervoso
2034 2164 2113 2195 nec
2163 2165 2259 2194 raro
2302 2150 2409 2195 duro
2450 2157 2494 2195 et
2535 2165 2692 2209 aspero
2738 2166 2832 2198 esse

227 2254 234 2258 ,
269 2223 414 2266 usum3
467 2210 632 2266 dialogi
662 2216 880 2255 auctorem
910 2212 974 2255 uti
1005 2210 1155 2268 paucis
1187 2211 1393 2268 exceptis,
1427 2225 1512 2266 qua
1542 2211 1789 2256 Ecksteinio
1820 2210 1880 2268 (p.
1901 2211 1975 2268 74)
2005 2210 2225 2267 asperiora
2256 2216 2298 2253 et
2328 2210 2418 2254 fere
2450 2211 2742 2269 vituperanda
2770 2214 2831 2256 vi-

269 2269 438 2324 dentur,
471 2283 629 2324 genere
660 2271 754 2314 fuso
786 2276 828 2314 et
859 2272 1093 2325 aequabili,
1125 2272 1311 2326 copioso,
1343 2277 1493 2315 ornato
1523 2271 1817 2327 imprimisque
1847 2271 2057 2325 eleganti:
2088 2270 2210 2313 illum
2241 2270 2472 2313 admodum
2502 2272 2637 2316 fuisse
2667 2274 2831 2330 perspi-

270 2329 444 2372 cuitatis
473 2328 726 2384 studiosum,
758 2330 948 2372 alienum
978 2345 1006 2372 a
1036 2330 1250 2372 brevitate
1279 2329 1483 2372 affectata
1512 2335 1643 2382 atque
1665 2330 1980 2372 enuntiatorum
2001 2330 2137 2371 forma
2166 2334 2362 2372 contorta
2393 2335 2437 2372 et
2466 2331 2529 2373 ita
2559 2345 2830 2376 numerosum

269 2401 319 2429 ae
362 2388 648 2431 concinnitate
690 2390 973 2433 membrorum
1014 2395 1055 2432 et
1099 2389 1313 2439 gravitate
1336 2389 1630 2432 ¹clausularum
1669 2388 1928 2442 distinctum,
1963 2392 2008 2431 ut
2040 2387 2257 2432 Ciceronis
2288 2387 2517 2433 adsiduam
2548 2389 2828 2441 imitationem

269 2446 538 2500 adgnoveris.

367 2586 392 2630 ¹)
430 2586 588 2623 Editioni
612 2587 721 2623 Basil.
747 2599 804 2633 ap.
830 2588 985 2644 Froben.
1013 2587 1105 2644 1533
1146 2589 1294 2643 accessit
1331 2588 1550 2644 Thesaurus·
1566 2589 1872 2644 constructionum
1901 2588 2210 2644 locutionumque·
2230 2597 2264 2624 et
2300 2601 2425 2624 vocum
2444 2590 2579 2644 ‘Tacito
2615 2589 2827 2635 solennium,

435 2633 727 2718 {gxrtacsrs‘pdigigffi
751 2635 1182 2719 ξὲωοῐὶξῖἰὲιὼιωωοωε
1206 2636 1382 2681 Rhenam‚
1409 2647 1515 2682 quam
1540 2647 1577 2672 ln
1600 2647 1773 2683 principio
1798 2636 2013 2673 scholiorum
2037 2642 2250 2682 pronunciat
2274 2637 2330 2672 his
2355 2637 2487 2672 verbis:
2520 2637 2625 2673 Hunc
2648 2637 2829 2684 dialogum

363 2712 411 2770 ‘f
432 2729 553 2765 Prima
588 2729 702 2775 Lipsii
732 2731 839 2766 editio
868 2711 1001 2776 prodiit
1030 2742 1062 2766 a.
1092 2730 1185 2767 1574
1207 2731 1425 2776 Antverpiae
1449 2742 1493 2767 ex
1518 2731 1661 2767 officina
1685 2731 1921 2775 Plautiniana,
1947 2733 1983 2766 in
2009 2741 2080 2776 qua
2104 2731 2265 2776 dialogus
2290 2732 2339 2766 sic
2363 2731 2586 2768 inscribitur:
2614 2731 2704 2769 Fab.
2720 2732 2830 2778 Quin·

434 2776 558 2857 tiliizm‘,
582 2781 623 2832 ut
647 2778 787 2834 videtur
808 2778 980 2824 dialogus,
1008 2778 1171 2815 Cornelio
1190 2778 1314 2815 Tacito
1339 2778 1451 2814 falso
1475 2779 1681 2825 inscriptus.
1708 2799 1753 2804 —
1779 2778 2002 2815 Posteriores
2026 2778 2199 2814 editiones
2222 2788 2308 2823 prae
2333 2787 2371 2813 se
2395 2777 2517 2814 ferunt
2540 2779 2827 2826 inscriptionem:

436 2834 489 2858 vu
548 2834 570 2859 ο
594 2835 701 2860 inseri
729 2831 797 2862 tus.

366 2870 394 2914 ³)
436 2835 621 2925 Ecksgtein‚
646 2837 904 2918 Prdiegomena
927 2873 964 2910 in
989 2874 1117 2920 Taciti,
1148 2874 1209 2919 qui
1245 2873 1352 2918 vulgo
1383 2872 1507 2919 fertur,
1545 2873 1723 2920 dialogum
1753 2874 1798 2911 de
1823 2874 2035 2910 oratoribus.
2085 2872 2187 2908 Halis
2219 2872 2315 2919 Sax.,
2344 2872 2447 2909 1835.
2473 2875 2508 2910 4.
2535 2893 2584 2902 -
2607 2875 2832 2924 Bernhardy,

436 2917 630 2954 Grundnss
653 2919 718 2954 der
740 2920 956 2957 Romischen
978 2921 1186 2957 Litteratur.
1234 2922 1269 2957 3.
1305 2921 1435 2957 Bearb.
1460 2922 1704 2967 Braunschw„
1735 2921 1838 2959 1857.
1888 2932 1923 2967 p.
1950 2921 2147 2956 712—714.
2345 2936 2353 2942 ·

365 2964 393 3009 ·“)
435 2965 568 3010 Lange,
593 2965 756 3010 dialogus
780 2968 825 3002 de
849 2969 1053 3004 oratoribus
1080 2969 1206 3004 Tacito
1231 2967 1443 3014 vindicatus,
1465 2968 1638 3006 inBeckii
1651 2968 1754 3006 Actis
1773 2968 1936 3005 seminar.
1959 2976 2031 3013 reg.
2049 2971 2085 3004 et
2104 2966 2284 3003 societatis
2299 2966 2471 3015 philolog.
2485 2968 2661 3015 Lipsiens.
2688 2968 2768 3006 Vol.
2798 2969 2829 3006 1.

436 3016 485 3059 p.·
498 3011 543 3048 77
575 3021 629 3058 sq.
677 3013 757 3050 Hoc
786 3019 996 3060 argumento
1028 3016 1117 3052 nihil
1145 3015 1286 3052 firmum
1316 3014 1463 3062 probari
1490 3015 1748 3053 demonstravit
1776 3016 1817 3052 F.
1851 3015 2023 3060 Haaseus,
2064 3015 2125 3060 qui
2157 3014 2273 3050 Taciti
2303 3025 2415 3061 opera
2447 3026 2479 3051 a.
2508 3017 2599 3051 1855
2635 3017 2759 3062 edidit,
2795 3018 2834 3054 in

437 3060 683 3106 pulcherrimis
707 3061 848 3107 Proleg.
873 3063 917 3098 de
942 3063 1057 3099 Taciti
1080 3065 1166 3109 vita,
1189 3064 1344 3109 ingenio,
1368 3064 1510 3109 scriptis
1533 3076 1569 3109 p.
1598 3064 1653 3100 15.
1692 3063 1819 3100 Gallici
1842 3062 2022 3099 cuiusdam
2047 3062 2143 3098 docti
2175 3062 2242 3098 viri
2274 3063 2404 3100 virtute
2435 3068 2472 3099 et
2500 3063 2697 3109 sagacitate
2733 3064 2834 3102 litem

437 3118 528 3153 quae
551 3113 606 3144 est
627 3108 672 3144 de
695 3114 842 3145 auctore
861 3109 992 3155 dialogi
1016 3111 1245 3148 diiudicatam
1268 3121 1346 3148 esse
1369 3110 1496 3147 statuit
1519 3111 1563 3147 A.
1580 3110 1713 3157 Widal,
1739 3111 1799 3157 qui
1822 3110 1967 3147 Parisiis
1991 3119 2024 3145 a.
2041 3109 2133 3146 1852
2156 3110 2194 3146 in
2217 3110 2334 3147 Taciti
2357 3109 2539 3156 dialogum
2562 3111 2608 3148 de
2632 3123 2686 3149 or.
2713 3112 2834 3160 dispu-

436 3155 608 3193 tationem
631 3155 750 3192 edidit.
781 3156 826 3191 A.
853 3157 1013 3203 Dupraei
1046 3158 1297 3194 dissertatione
1327 3169 1361 3194 a.
1388 3158 1480 3195 1848
1505 3159 1568 3195 Sti.
1582 3158 1695 3195 Caleti
1718 3159 1814 3195 edita
1836 3158 1887 3193 ait
1913 3157 2149 3192 demonstrari
2173 3157 2352 3203 dialogum
2375 3158 2421 3192 de
2444 3169 2498 3194 or.
2522 3169 2591 3195 nec
2613 3158 2835 3205 Quintiliano

436 3204 635 3241 neecuivis
659 3203 731 3249 alii,
756 3204 820 3239 sed
844 3204 970 3240 Tacito
1000 3214 1080 3240 esse
1102 3206 1387 3241 adiudicandum.
1411 3206 1625 3251 Epistulam,
1662 3218 1770 3251 quam
1793 3216 1903 3250 supra
1925 3204 2127 3249 memoravi,
2152 3203 2269 3240 Plinio
2292 3204 2474 3242 abiudieat
2495 3205 2690 3253 Dupraeus
2713 3209 2763 3255 (p.
2775 3209 2835 3252 45)

441 3250 638 3296 Tacitoque
661 3251 827 3296 vindicat,
851 3261 897 3288 ex
919 3251 1046 3297 hisque
1069 3253 1379 3303 verbis„poemata
1401 3253 1667 3309 quiescuntfsui
1689 3252 1862 3299 propositi
1886 3257 2004 3295 tenax,
2030 3251 2218 3294 ostendere
2241 3256 2395 3289 conatur
2418 3262 2441 3289 a
2464 3252 2592 3291 Tacito
2614 3253 2728 3292 fuisse
2750 3265 2835 3302 poe-

399 3337 402 3339 ,
438 3303 536 3336 mata
558 3298 702 3344 saepius
724 3299 929 3346 conscripta
951 3299 1031 3335 ideo
1058 3309 1103 3335 ue
1126 3310 1199 3336 non
1220 3309 1300 3336 esse
1320 3301 1459 3347 mirum,
1484 3301 1515 3337 si
1536 3301 1687 3347 poeticis
1708 3301 1827 3336 verbis
1850 3304 1887 3335 et
1909 3299 2100 3334 luminibus
2123 3299 2286 3344 dialogus
2310 3305 2352 3335 ut
2377 3307 2500 3339 cetera
2521 3303 2600 3339 eius
2624 3302 2737 3349 opera
2757 3314 2834 3340 sca-

383 3385 388 3390 ,
437 3350 547 3382 teant.
596 3347 695 3383 Haec
726 3348 836 3383 verba
865 3357 909 3382 ex
934 3346 1090 3389 Wida‘o
1115 3348 1299 3393 exscripsi,
1327 3359 1436 3392 quum
1457 3349 1534 3393 ipse
1558 3348 1716 3393 Dupraei
1741 3346 1895 3383 libellum
1921 3346 2094 3391 inspicere
2120 3358 2191 3383 non
2216 3347 2404 3392 potuerim.
