3147 3836
241 322 304 361 21.

241 427 302 465 22.

241 1142 302 1179 15.

241 1192 302 1230 41.

240 1347 302 1384 25.

243 1449 302 1487 10.

239 1654 301 1692 22.

241 2372 302 2410 12.

239 2424 300 2462 31.

238 2475 301 2512 37.

238 2628 300 2666 2⁷·

242 2729 302 2768 10.

1362 114 1426 154 ³—
1491 90 1665 134 37—

342 218 488 268 A.14,
527 221 577 259 27
609 230 738 269 neque
777 219 971 268 coniugiis
1026 217 1302 268 suscipiendis,
1350 230 1481 268 neque
1551 221 1613 259 32.
1652 219 1836 279 ignorent
1862 220 1986 269 leges,
2014 230 2093 257 non
2119 221 2282 257 teneant
2310 219 2472 258 senatus
2506 217 2698 267 consulta,
2726 218 2792 257 ius

395 270 550 310 alendis
576 271 725 310 liberis.

344 321 472 363 bonus
506 321 669 372 sanguis
708 321 845 372 implet
886 321 1063 361 membra
1096 325 1136 360 et
1175 321 1356 371 exsurgit
1381 321 1480 360 toris

345 375 532 434 ipsosque
557 385 702 412 nervos
727 374 848 412 rubor
873 374 984 434 tegit·
1002 379 1041 412 et
1069 373 1189 413 decor
1216 373 1479 413 commendat.

342 425 487 475 fugitet
513 425 540 464 i.
569 425 860 475 scurrilitatem,
900 425 1029 464 variet
1055 424 1379 475 compositionem
1405 435 1479 464 nec

344 488 380 515 ο.
384 438 608 516 gclausulas
635 476 773 516 eodem
800 476 918 516 modo
947 476 1193 516 determinet.

1654 271 1730 310 cir.
1773 271 1877 310 ultro
1917 270 2138 319 derideant,
2175 272 2391 320 praecepta
2429 281 2489 319 pr.
2535 280 2575 318 p.
2614 267 2787 307 reformi—

1653 322 1768 424 HQ&
1798 375 1846 413 76
1873 372 1900 412 f.
1930 372 2084 424 spargit
2109 372 2298 423 legiones,
2326 375 2455 413 armat
2470 370 2667 423 cohortes,
2684 382 2788 411 nova

1705 426 1881 476 quotidie
1909 426 2013 464 bello
2041 425 2189 464 semina
2220 425 2428 464 ministrat.

616 636 1174 708 CONLOGA
1193 637 1406 706 1⁷10
1488 637 2044 707 VOCABUL
2059 637 2221 708 GR
2234 637 2426 708 ΠΜ.

344 829 430 868 Nec
444 830 547 869 tanti
573 829 816 880 reipublicae
841 828 1111 869 Gracchorum
1139 829 1366 879 eloquentia
1393 828 1480 879 fuit,

344 885 388 921 ut
413 885 617 932 pateretui
643 885 683 921 et
709 882 833 931 leges.

341 934 418 982 Ag.
448 936 496 972 14
522 937 685 983 recepta
711 933 848 982 populi
875 933 921 970 R.
950 932 1247 982 consuetudine,
1284 936 1328 972 ut
1359 931 1479 971 habe·

378 961 456 1025 oret
482 984 742 1046 instrumenta
771 983 973 1024 servitutis
1001 988 1041 1024 et
1068 995 1196 1035 reges.

448 1036 528 1077 cfr.
566 1037 635 1088 qui
672 1038 893 1087 exemplum
929 1037 1093 1086 invenit,
1133 1034 1347 1075 Hofmann·
1349 1035 1480 1075 Peerl-

394 1089 528 1138 kamp.

343 1144 537 1180 concentu
565 1140 891 1181 scholasticorum
919 1144 959 1180 et
987 1140 1238 1180 clamoribus.

341 1191 469 1230 minor
496 1195 697 1232 oratorum
725 1192 1009 1242 obscuriorque
1035 1192 1177 1242 gloria.

342 1244 419 1293 Ag.
449 1247 469 1282 1
497 1244 764 1293 ignorantiam
789 1244 889 1283 recti
917 1249 958 1282 et
983 1243 1185 1282 invidiam.

343 1296 393 1334 H.
422 1297 459 1346 3,
487 1298 536 1336 85
563 1308 635 1346 pro
653 1295 835 1336 adultero
861 1294 986 1336 libido
1013 1295 1175 1346 reginae
1202 1298 1243 1336 et
1270 1294 1451 1336 saevitia.

342 1358 421 1385 non
448 1350 510 1386 est
537 1351 737 1386 oratorum
763 1348 902 1387 vitium
931 1347 1002 1386 sed
1028 1348 1241 1388 hominum.

343 1398 392 1435 H.
421 1399 458 1447 5,
488 1401 535 1437 13
561 1398 688 1437 maior
714 1398 821 1438 vitae
848 1402 977 1438 metus
1004 1410 1123 1447 quam
1150 1398 1302 1438 mortis.

340 1448 511 1498 pretium
538 1460 674 1488 omnes
700 1449 851 1488 laboris
879 1449 939 1489 sui
966 1448 1151 1488 fatentur.

342 1499 419 1550 Ag.
432 1502 481 1540 32
508 1500 656 1540 nostris
683 1501 740 1539 illi
767 1501 1080 1540 dissensionibus
1107 1500 1203 1540 clari
1228 1522 1281 1528 —
1306 1505 1477 1542 vertunt.

394 1552 442 1592 G.
470 1554 494 1592 3
521 1564 595 1591 nec
628 1555 710 1591 tam
737 1553 847 1592 vocis
881 1553 948 1592 ille
981 1564 1100 1602 quam
1127 1552 1286 1591 virtutis
1313 1565 1476 1593 concen-

395 1607 472 1642 tus,

341 1652 477 1693 firmus
504 1665 600 1692 sane
626 1654 760 1703 paries
788 1658 828 1694 et
855 1655 1081 1694 duraturus

342 1705 390 1754 A.
420 1707 457 1756 6,
484 1708 534 1745 22
561 1704 588 1744 f.
616 1706 782 1766 antiqua
809 1709 922 1745 aetas
950 1710 990 1746 et
1026 1709 1176 1745 nostra.
1229 1705 1280 1746 Η.
1310 1708 1343 1757 l,
1372 1709 1422 1747 52
1451 1706 1478 1746 f.

392 1757 627 1806 precarium
641 1758 726 1796 seni
762 1758 968 1807 imperium
996 1761 1036 1797 et
1069 1757 1182 1797 brevi
1208 1735 1478 1798 transi’turum.

344 1808 394 1846 H.
422 1810 460 1858 4,
488 1810 540 1848 80
565 1808 703 1847 favore
741 1810 908 1847 militum
941 1810 1083 1848 anxius
1111 1813 1150 1848 et
1178 1809 1364 1869 superbia
1390 1810 1478 1849 viri.

341 1859 391 1897 Η.
420 1861 458 1908 3,
484 1861 509 1898 8
536 1871 587 1898 ιιι.
615 1857 756 1908 ignara
785 1860 1030 1909 Vespasiano
1059 1864 1129 1898 aut
1154 1860 1293 1899 vetita.

343 1909 393 1948 H.
421 1912 459 1961 2,
483 1912 536 2000 ,ἷ2
563 1909 591 1949 f.
620 1922 787 1961 corpora
813 1911 979 1950 militum
1006 1915 1076 1951 aut
1102 1911 1244 1950 Italiae
1271 1915 1384 1950 sueta
1411 1915 1481 1950 aut

392 1939 494 2001 aesti
524 1973 583 2001 us.

294 2011 469 2052 .liber0
496 2016 537 2052 et
563 2013 735 2064 ingenuo
762 2014 893 2052 animo
911 2018 951 2053 et
978 2014 1031 2052 ad
1044 2015 1231 2064 voluptas
1257 2013 1350 2053 hon.
1371 2018 1481 2053 nato.

341 2064 507 2124 vulgata
535 2061 775 2105 dicentium.
783 2065 934 2116 gaudia
961 2070 1001 2104 et
1027 2066 1164 2116 imper.
1192 2078 1231 2115 q.
1259 2065 1386 2104 oculis
1414 2077 1478 2104 ex·

341 2114 488 2164 posita.

342 2165 392 2205 H.
420 2168 457 2218 3,
485 2168 535 2207 41
561 2178 693 2219 neque
718 2168 772 2208 ad
797 2167 1015 2208 fallendum
1046 2172 1166 2219 aptus
1201 2179 1387 2207 numerus
1414 2179 1478 2207 ne-

395 2229 472 2269 que
497 2219 551 2258 ad
577 2220 878 2269 penem-,andum

341 2268 392 2308 Η.
421 2272 458 2321 3,
484 2272 536 2310 28
562 2269 671 2309 fesso
695 2272 820 2311 milite
848 2276 888 2311 et
913 2273 1022 2311 velut
1058 2271 1200 2311 inritus
1239 2270 1477 2311 exhortatio-

392 2333 465 2360 nes
490 2322 694 2361 abnuenti.

341 2374 455 2412 casta
481 2375 522 2412 et
545 2372 664 2413 nullis
692 2376 878 2414 contacta
905 2374 1013 2414 vitiis
1039 2378 1216 2425 pectora.

338 2424 520 2481 aequalis
546 2427 587 2462 et
611 2436 661 2462 ex
687 2426 958 2465 communibus
984 2426 1103 2464 ducta
1130 2425 1316 2464 sensibus
1336 2425 1476 2463 oratio.

339 2473 419 2512 illis
445 2475 658 2513 nobilitata
686 2476 990 2514 discriminibus.

340 2525 391 2564 H.
417 2526 455 2575 5,
482 2526 533 2565 25
561 2529 780 2566 ceterorum
807 2538 927 2567 onera
953 2526 1169 2567 nociorum.
1195 2526 1248 2567 A.
1264 2527 1314 2567 46
1341 2525 1368 2565 f.
1396 2525 1475 2565 tuis

393 2575 481 2626 ipse
506 2577 695 2616 moribus.

340 2627 488 2676 quibus
512 2628 705 2677 gradibus
731 2627 861 2668 fracta
897 2629 950 2669 sit
984 2633 1025 2668 et
1058 2628 1258 2668 deminuta
1292 2629 1475 2678 eloquen-

340 2678 410 2716 tia.

341 2733 382 2768 et
409 2729 579 2780 probata
607 2730 659 2770 sit
684 2729 783 2771 fides
809 2733 849 2772 et
875 2731 1042 2771 libertas
1069 2735 1272 2771 excusata.

340 2781 417 2829 Ag.
431 2784 456 2819 3
481 2782 547 2818 hic
574 2783 676 2819 liber
701 2803 753 2809 -
779 2783 1024 2831 professione
1050 2784 1212 2831 pietatis
1240 2787 1311 2822 aut
1337 2782 1473 2821 lauda-

391 2834 455 2871 tus
483 2832 560 2872 erit
585 2836 656 2872 aut
682 2836 908 2873 excusatus.
961 2832 1034 2874 cfr.
1059 2833 1219 2874 Peerlk.

338 2881 415 2937 Ag.
441 2884 493 2923 43
518 2886 589 2923 aut
615 2884 788 2923 laetatus
815 2889 876 2923 est
902 2888 972 2922 aut
999 2886 1133 2924 statim
1160 2885 1322 2924 oblitus.

241 2935 299 2972 17.
334 2894 515 2973 intulerit
542 2936 645 2974 ictus
672 2940 713 2975 et
740 2934 953 2985 exciperet.

237 3345 300 3382 34.

338 2985 388 3024 H.
418 2989 453 3035 1,
479 2987 529 3025 47
556 2998 608 3026 ιιι.
635 2987 833 3027 omisisset
859 2988 1032 3027 offensas
1058 3000 1111 3027 an
1138 2988 1370 3028 distulisset.

341 3037 388 3076 G.
418 3015 463 3079 1’1
492 3039 563 3075 aut
588 3036 797 3077 inchoatur
822 3039 916 3077 luna
941 3042 1012 3078 aut
1038 3039 1233 3088 impletur.

339 3088 416 3138 Ag.
444 3089 495 3128 33
520 3097 572 3125 m.
599 3089 764 3127 inventa
789 3090 996 3129 Britannia
1023 3093 1063 3129 et
1090 3090 1271 3130 subacta.

338 3139 389 3179 Η.
416 3140 453 3189 3,
481 3141 505 3179 9
531 3138 563 3178 f.
584 3142 656 3178 aut
682 3145 957 3191 conrumperet
983 3141 1135 3180 hostem
1161 3146 1231 3180 aut
1257 3144 1437 3180 terreret.

339 3192 388 3229 A.
418 3192 478 3240 16,
505 3191 557 3230 24
581 3192 805 3230 tentaretne
833 3192 1102 3231 defensionem
1128 3204 1179 3230 an
1206 3194 1420 3241 sperneret.

338 3241 387 3280 A.
417 3243 554 3291 13,12
580 3239 610 3280 f.
636 3241 703 3290 qui
736 3243 964 3283 attulissent
999 3245 1165 3283 salutem
1200 3248 1239 3282 et
1266 3242 1333 3293 qui
1359 3252 1471 3281 acce-

390 3292 555 3342 pissent.

336 3343 420 3382 sive
447 3342 741 3384 accusationem
768 3348 999 3394 susceperat
1027 3344 1110 3385 sive
1139 3343 1418 3384 defensionem.

1577 934 1613 971 7.

1577 986 1612 1023 9.

1549 1038 1612 1075 22.

1549 1089 1611 1127 29.

1549 1141 1612 1179 29.

1550 1243 1611 1282 13.

1553 1962 1612 2000 13.

1549 2014 1613 2052 32.

1567 3295 1607 3331 4.

1653 830 1730 879 Ag.
1757 832 1807 869 42
1832 841 1906 868 nec
1932 831 2143 880 Agricolae
2172 830 2378 869 consilium
2400 828 2539 869 deerat
2563 840 2637 868 nec
2654 828 2786 867 Domi·

1704 881 1813 920 tiano
1840 882 2075 931 exemplum.

1651 936 1692 971 et
1718 936 1827 972 recta
1853 932 2007 973 indoles
2034 936 2095 972 est
2122 936 2161 973 et
2189 933 2293 973 bona
2321 944 2412 984 spes
2439 931 2530 973 sui?

1651 985 1704 1022 ad
1731 984 1835 1022 bunc
1863 985 1901 1023 S.
1929 988 2105 1023 recurret
2131 989 2200 1023 aut
2226 985 2279 1023 ad
2305 989 2359 1035 te,
2386 987 2438 1024 M.

1651 1036 1786 1076 verbis
1814 1036 2008 1075 delectum
2035 1035 2219 1075 adhibuit
2245 1039 2285 1076 et
2312 1035 2585 1087 compositioni
2611 1040 2750 1077 artem.

1651 1087 1896 1139 impudentia
1923 1088 2067 1139 inrepit
2094 1092 2135 1127 et
2162 1088 2222 1127 sui
2249 1088 2446 1139 alienique
2473 1091 2628 1128 contem
2656 1092 2734 1128 tus.

1650 1152 1779 1201 neque
1795 1140 2023 1230 tmgdestiae
2050 1141 2238 1190 parvulos
2265 1139 2554 1190 adsuefaciunt,
2575 1152 2619 1179 se
2673 1140 2786 1179 lasci-

1653 1204 1743 1230 viae
1771 1204 1792 1231 e
1866 1221 1876 1230 .

1650 1255 1725 1283 nec
1751 1243 2035 1294 imperantibus
2062 1255 2247 1294 umquam
2276 1243 2375 1283 satis
2397 1243 2502 1283 servi
2517 1242 2702 1283 videntur
2714 1253 2789 1281 nec

1651 1295 1767 1336 nobis
1795 1296 1892 1336 satis
1919 1296 2046 1334 liberi.

1652 1349 1702 1386 H.
1724 1351 1824 1397 1,16
1851 1348 1879 1386 f.
1907 1349 1975 1397 qui
2001 1361 2074 1386 nec
2101 1352 2225 1386 totam
2253 1348 2483 1387 servitutem
2508 1346 2595 1397 pati
2621 1349 2790 1397 possunt

1701 1411 1775 1438 nec
1802 1402 1927 1438 totam
1952 1398 2190 1437 libertatem.

1650 1450 1699 1487 A.
1729 1452 1790 1499 15,
1817 1452 1869 1488 44
1894 1449 1921 1487 f.
1956 1450 2109 1488 laniatu
2137 1461 2276 1488 canum
2313 1451 2519 1488 interirent
2556 1452 2628 1488 aut
2663 1448 2786 1488 cruci-

1702 1501 1777 1540 bus
1804 1499 1938 1539 adfixi.

1650 1553 1700 1592 H.
1727 1555 1766 1604 4,
1794 1555 1844 1593 83
1871 1553 1898 1591 f.
1925 1551 2091 1591 eandem
2130 1551 2333 1592 civitatem
2370 1556 2412 1592 et
2444 1551 2575 1592 furere
2601 1551 2788 1592 crederes

1703 1608 1744 1643 et
1771 1605 1968 1643 lascivire.

1757 1654 1838 1694 Gfr.
1868 1655 2027 1694 Curtius
2047 1656 2083 1703 3,
2098 1656 2133 1703 1,
2148 1655 2326 1695 'lintueri
2352 1655 2489 1694 iubent
2515 1667 2563 1694 ac
2589 1654 2784 1694 nuntiare.

1703 1706 1901 1745 Muetzell.
1929 1718 1968 1756 p.
1997 1707 2057 1745 10.
2073 1683 2173 1745 959.

1653 1758 1931 1796 contemnebat
1957 1757 2091 1807 potius
2118 1757 2271 1797 litteras
2298 1769 2414 1808 quam
2440 1757 2662 1797 nesciebat.

1651 1809 1729 1858 Ag.
1758 1811 1780 1848 7
1808 1809 1935 1848 videri
1962 1809 2159 1847 invenisse
2188 1809 2314 1849 bonos
2341 1821 2458 1859 quam
2484 1808 2642 1848 fecisse.

1651 1860 1745 1949 Ag(ii
1748 1862 1808 1950 d1i3
1833 1863 1966 1909 potest
1993 1860 2119 1898 videri
2146 1860 2367 1899 ostendisse
2393 1860 2579 1910 posteris,
2604 1871 2682 1899 non
2708 1863 2785 1898 tra-

1790 1923 1866 1950 sse.

1651 1973 1724 2022 pro
1751 1962 1939 2001 memoria
1966 1974 2040 2002 nec
2068 1963 2249 2002 consulat
2275 1962 2484 2013 quisquam
2510 1972 2584 2000 nec
2606 1965 2733 2011 roget.

1653 2014 1857 2064 interesse,
1875 2013 2081 2063 possideat
2102 2013 2307 2064 quisquae
2319 2013 2469 2064 profert
2494 2024 2546 2052 an
2572 2016 2784 2052 mutuetur.

1651 2065 1702 2104 Η.
1729 2068 1766 2115 3,
1794 2067 1844 2104 66
1870 2065 1898 2103 f.
1931 2066 2080 2104 noviss.
2121 2065 2301 2114 spiritum
2337 2076 2410 2114 per
2443 2064 2655 2104 ludibrium
2682 2068 2723 2104 et
2751 2076 2787 2103 c.

1705 2094 1920 2166 eff’undant,
1949 2129 2000 2155 an
2026 2128 2098 2166 per
2125 2117 2322 2155 virtutem.

1653 2167 1701 2207 A.
1723 2170 1783 2217 14,
1803 2169 1853 2208 35
1873 2167 2108 2207 vincendum
2135 2168 2203 2206 illa
2230 2168 2316 2207 acie
2342 2167 2406 2206 vel
2433 2165 2657 2209 cadendum
2684 2178 2789 2207 esse.

1650 2220 1728 2269 Ag.
1756 2222 1805 2260 32
1832 2222 1901 2258 aut
1927 2220 2035 2258 nulla
2062 2219 2260 2278 plerisque
2286 2219 2418 2269 patria
2443 2222 2515 2258 aut
2540 2218 2622 2257 alia
2649 2222 2724 2258 est.

1651 2271 1800 2321 dulces,
1833 2274 1877 2310 ut
1905 2270 2103 2321 Vergilius
2138 2270 2208 2321 ait,
2236 2271 2385 2310 Musae.
2437 2272 2488 2310 35
2527 2269 2702 2321 cludere,
2742 2275 2787 2310 ut

1650 2323 1709 2363 ait
1737 2323 1888 2373 Cicero,
1917 2322 2051 2362 ludum
2078 2299 2358 2382 impudentiae.
2386 2321 2457 2360 cfr.
2471 2322 2616 2371 Zumpt
2642 2321 2670 2372 ἓ
2697 2324 2788 2362 802.

1599 2374 1920 2432 .5.16.inquit
1945 2375 2053 2422 Aper
2085 2376 2223 2412 5.14.
2265 2375 2314 2411 16
2343 2373 2372 2411 i.
2399 2372 2606 2412 Secundus
2639 2375 2702 2412 16.
2736 2375 2787 2413 27

1649 2423 1746 2474 (bis)
1772 2426 1822 2464 42
1850 2424 1875 2462 i.
1903 2424 2117 2463 Maternus.

1599 2475 1846 2514 .tumSec.
1877 2475 2229 2515 —i.11.33et
2261 2476 2359 2515 Mat.
2397 2497 2448 2505 -
2485 2475 2515 2514 i.
2542 2476 2783 2515 metues-

1646 2537 1695 2617 {a
1695 2526 1864 2627 l313--91
1864 2577 2125 2627 suadentique
2150 2580 2324 2617 animum
2349 2577 2509 2627 quidem
2534 2599 2585 2605 —
2612 2576 2784 2617 destina—

1698 2607 1794 2679 tum⁷,
1821 2629 1891 2679 ait,
1921 2628 1992 2667 sed
2019 2649 2082 2667 —.

1597 2709 1609 2719 .
1646 2683 1875 2719 accuratam
1901 2680 2212 2730 meditatamque
2238 2679 2387 2730 profert
2413 2679 2643 2718 orationem.
2681 2681 2707 2720 9
2727 2679 2784 2718 ad

1646 2732 1745 2770 null.
1771 2734 1867 2770 cert.
1895 2735 1935 2769 et
1963 2731 2131 2769 solidam
2156 2731 2335 2780 pervenit
2361 2730 2526 2778 frugem.

1647 2795 1758 2822 suam
1798 2782 1968 2831 experiri
2005 2782 2293 2822 liberalitatem.
2350 2783 2401 2822 20
2437 2780 2614 2821 Ambivii
2652 2780 2781 2832 expri-

1647 2844 1754 2872 mere
1781 2836 1918 2883 gestus
1945 2833 2055 2871 velit.

1647 2897 1683 2923 o.
1712 2886 1912 2923 oblectare
1941 2890 1980 2922 et
2006 2896 2148 2922 nomen
2174 2883 2345 2922 inserere
2371 2886 2542 2932 possunt
2566 2882 2710 2924 fame.
2745 2886 2784 2922 9.

1648 2935 1899 2976 beatissimus
1925 2934 2197 2973 recitationem
2217 2933 2303 2973 eius
2323 2936 2491 2975 eventus
2532 2938 2782 2985 rosequatur.

1646 2987 1696 3027 Η.
1725 2989 1762 3037 3,
1792 2988 1840 3027 13
1865 2987 2020 3025 vinctas
2046 2996 2186 3024 manus
2213 2990 2254 3025 et
2281 2997 2355 3037 cap
2357 2990 2401 3024 ta
2521 2990 2632 3026 erent
2657 2998 2783 3024 arma.

1646 3039 1700 3077 H.
1723 3040 1761 3087 3,
1791 3040 1838 3076 16
1865 3049 2032 3076 vacuum
2059 3037 2189 3076 medio
2216 3038 2406 3088 relinquit
2432 3039 2520 3077 iter.

1645 3089 1698 3127 H.
1723 3091 1764 3138 3,
1786 3090 1838 3127 20
1864 3087 2061 3127 Antonius
2095 3088 2274 3128 inserens
2308 3100 2351 3128 se
2387 3088 2599 3148 manipulis
2636 3108 2688 3116 —-
2713 3099 2778 3127 ne·

1696 3151 1774 3190 que
1799 3139 1972 3190 pretium
1997 3139 2150 3190 eripere
2177 3143 2259 3180 tam
2294 3140 2394 3180 bene
2420 3139 2570 3178 meritis
2595 3138 2779 3178 adfirma-

1696 3191 1783 3231 bat.

1644 3242 1695 3282 Η.
1723 3244 1760 3292 3,
1790 3244 1837 3282 16
1864 3254 2014 3293 magno
2037 3243 2168 3282 animo
2196 3244 2446 3300 capesserent

1643 3294 1830 3342 frequens
1857 3298 1899 3333 et
1924 3295 2094 3332 adsidua
2127 3295 2240 3332 nobis
2275 3292 2493 3332 contentio.
2540 3296 2565 3333 9
2591 3292 2779 3332 defensus

1645 3348 1685 3384 et
1705 3307 1787 3384 ttlibi
1814 3344 2033 3395 obligatus.
