3147 3774
322 464 357 499 1.
395 461 501 498 Iuste
527 458 645 498 Fabi.

1537 119 1594 163 32

1325 244 1528 301 NOMINA
1560 246 1803 302 PROPRlA.

378 355 420 392 1.
464 351 650 391 Gentis
674 360 877 390 nomen
902 343 1215 397 eunomus}
1241 359 1439 400 propo-

798 399 982 436 altum.

698 459 751 498 20
777 459 992 508 Turpionis
1018 458 1208 499 Ambivii.
1263 460 1344 502 Cfr.
1372 461 1418 502 B.
1449 462 1536 501 117.

394 510 475 549 Cic.
503 509 616 549 Lael.
645 509 709 549 ed.
737 509 909 559 Seyffert
934 512 1025 551 260.

312 621 316 625 ’
359 618 433 653 11.
460 617 666 653 Nomen
692 617 981 663 propnum
1009 626 1111 662 pro
1135 618 1464 664 pronomine

772 664 1032 712 potitum.

314 718 351 754 3.
390 716 524 766 Leges
551 717 694 766 (inquit
720 716 940 767 Maternus)
980 716 1077 767 quid
1114 717 1319 756 Maternus
1356 716 1432 757 sibi
1470 718 1538 767 de·

286 1719 350 1756 31.

285 1872 348 1909 39.

283 2850 343 2886 14.

282 2952 342 2988 16.

392 768 524 807 buerit
550 788 602 795 -—
628 768 809 806 formavi.

391 820 442 858 H.
472 821 496 858 2
537 821 585 858 21
614 832 665 858 m.
714 831 980 869 praegravem
1023 831 1066 860 se
1106 818 1259 861 Neroni
1297 819 1420 860 fuisse
1467 820 1540 872 (ait

444 849 567 920 otilo)
593 891 646 900 --
674 871 802 911 occidi
830 870 1030 912 Othonem
1057 882 1189 921 posse.

390 924 442 961 H.
470 925 508 972 2,
536 924 586 961 47
614 935 664 961 ne
692 924 783 973 plus
839 935 932 962 uam
958 923 1082 962 semel
1109 927 1303 963 certemus
1328 936 1451 973 penes
1478 935 1539 964 me

443 975 667 1024 exemplum
695 975 787 1015 erit:
850 975 914 1015 inc
948 973 1143 1015 Othonem
1179 975 1395 1025 posteritas
1423 975 1539 1014 aesti-

441 1028 537 1066 met.

392 1077 443 1116 H.
472 1080 510 1128 2,
539 1079 588 1116 77
616 1088 884 1117 numeremur:
912 1089 962 1118 ne
989 1077 1212 1117 Mucianum
1241 1077 1282 1126 (i.
1306 1089 1341 1116 e.
1369 1077 1448 1126 me)
1476 1087 1537 1114 so-

396 1130 501 1169 cium
529 1130 741 1180 spreveris.

1609 563 1671 599 21.

1711 352 1759 392 A.
1790 355 1826 403 1,
1853 353 1904 393 59
1931 352 1959 392 f.
2000 352 2077 393 sibi
2103 374 2167 393 —.
2205 364 2248 394 se
2278 373 2341 394 -.
2393 355 2610 398 Arminium
2644 356 2776 408 potius
2805 379 2853 386 —-

1763 416 1883 455 quam
1910 405 2116 456 Segestem
2142 427 2193 436 -
2219 411 2491 456 sequerentur.

1854 510 1958 544 111.
1985 509 2230 545 Pleu-an·
2254 517 2402 545 nom.
2428 487 2615 557 psi-pr.

1710 559 1878 599 Videtur
1905 561 2008 599 inter
2034 561 2238 600 Menenios
2274 564 2315 600 et
2341 562 2496 611 Appios
2536 565 2749 604 studuisse.
2803 566 2852 604 37

1710 611 1901 651 Lentulos
1928 614 1968 651 et
1995 611 2178 651 Metellos
2205 614 2245 652 et
2270 611 2459 652 Lucullos
2487 616 2528 652 et
2555 613 2760 655 Curiones.

1712 664 1828 755 Eds,
1856 665 1880 702 8
1907 675 1958 701 m.
1987 663 2205 702 Catonibus
2232 666 2273 703 et
2299 657 2446 721 Bruttjs

1713 728 1754 754 vi
1785 724 1856 754 ius.

1713 767 1762 806 A.
1793 769 1853 815 16,
1880 768 1930 806 22
1970 767 2049 805 ista
2087 769 2197 805 secta
2238 766 2472 806 Tuberones
2505 769 2545 806 et
2572 767 2774 807 Favonios
2803 789 2853 798 —

1715 817 1874 868 genuit3
1916 817 2063 858 frustra
2100 817 2279 857 Cassium
2308 818 2510 868 amovisti,
2544 818 2578 857 si
2610 817 2779 869 gliscere
2815 824 2855 860 et

1714 871 1852 920 vigere
1879 871 2088 909 Brutorum
2116 869 2292 908 aemulos
2318 880 2510 919 passurus
2537 880 2593 909 es.

1714 923 1765 961 H.
1796 924 1832 972 1,
1859 924 1909 961 37
1937 921 2123 972 Polycliti
2150 924 2190 961 et
2216 920 2362 961 Vannii
2390 923 2431 961 et
2458 920 2614 971 Aegiali
2640 921 2853 972 perierunt.

1715 974 1766 1012 H.
1795 975 1831 1020 2,
1860 975 1910 1012 95
1951 973 2168 1023 Polyclitos
2206 977 2246 1013 et
2281 973 2492 1012 Patrobios
2526 975 2569 1012 et
2603 977 2742 1012 vetera
2776 973 2854 1023 (ce-

1713 1024 1844 1073 teraP)
1873 1025 2052 1062 odiorum
2079 1024 2237 1063 nomina
2263 1036 2312 1064 ae
2345 1026 2480 1063 nabat.
2734 1033 2736 1035 ’

1766 1074 1847 1113 Cfr.
1876 1074 2140 1114 Ruddimann.
2167 1075 2265 1115 Inst.
2346 1104 2356 1115 .
2385 1075 2524 1116 Stallb.
2543 1076 2581 1126 1,
2598 1076 2685 1116 139.
2713 1075 2853 1116 Rams-

1764 1125 1877 1165 horn.
1910 1124 1949 1177 ξ.
1978 1127 2068 1177 203,
2095 1139 2134 1177 p.
2149 1128 2241 1167 966.
2266 1126 2440 1178 Krilgeri
2466 1126 2599 1168 Gram.
2627 1128 2675 1168 L.
2703 1139 2742 1179 p.
2759 1130 2848 1168 535.

2484 669 2727 714 aequaretur
2762 667 2854 706 Hel·

640 1285 714 1353 A
724 1265 1349 1355 MPLIFICA
1370 1283 1583 1354 Tm
1646 1283 2116 1355 MEMBR
2127 1285 2290 1356 οη
2304 1285 2498 1355 ΠΜ.

1324 1401 1406 1442 Cfr.
1434 1402 1563 1454 Naeg.
1590 1415 1629 1454 p.
1657 1404 1734 1442 492
1761 1413 1821 1453 sq.

1240 1510 1286 1563 A.
1338 1508 1529 1564 ORATIO
1574 1509 1888 1564 BlMEMBRlS.

389 1614 546 1654 Numen
574 1618 613 1654 et
642 1614 825 1654 caelestis
853 1614 925 1654 vis.
961 1616 986 1654 8
1012 1617 1229 1664 paupertas
1258 1617 1297 1653 et
1325 1614 1534 1664 angustiae

390 1677 534 1767 {giiii}
547 1717 766 1767 sapientem
794 1737 845 1742 —
873 1728 1002 1766 neque
1037 1716 1257 1755 Stoicorum
1298 1716 1423 1755 civem
1463 1716 1533 1754 ali-

391 1779 507 1817 quem
535 1768 599 1817 (ex
627 1768 728 1806 coni.
757 1768 937 1816 Haasei).

385 1818 549 1858 iuvenes
576 1820 617 1858 et
644 1818 683 1857 in
710 1818 797 1869 ipso
826 1818 1046 1857 studiorum
1072 1817 1218 1857 incude
1245 1817 1376 1869 positi.

388 1882 523 1909 curam
551 1873 593 1910 et
619 1869 821 1919 diligentis
850 1869 931 1909 stili
959 1870 1212 1909 anxietatem.

386 1923 464 1972 Ag.
493 1923 517 1960 6
545 1922 662 1961 ludos
689 1925 729 1960 et
755 1921 892 1960 inania
918 1920 1092 1960 honoris.

384 1974 462 2025 Ag.
493 1976 542 2013 18
583 1983 657 2025 per
683 1973 987 2013 ostentationem
1015 1976 1055 2013 et
1082 1971 1301 2028 officiorum
1329 1972 1531 2013 ambitum.

385 2025 462 2076 Ag.
491 2027 543 2066 43
569 2026 715 2076 vulgus
743 2036 903 2076 quoque
923 2029 964 2064 ct
989 2024 1053 2064 hic
1082 2024 1191 2063 aliud
1209 2036 1331 2074 agens
1345 2026 1530 2074 populus.

386 2079 462 2127 Ag.
492 2080 543 2117 33
572 2078 733 2126 agmina
760 2081 801 2115 et
829 2089 1027 2115 armorum
1054 2077 1245 2125 fulgores.

386 2130 463 2178 Ag.
491 2130 542 2168 44
568 2142 642 2179 per
668 2127 881 2168 intervalla
909 2138 956 2169 ac
984 2127 1226 2178 spiramenta
1252 2130 1483 2179 temporum.

386 2179 433 2220 G.
463 2183 511 2220 16
539 2181 734 2242 picturam
762 2182 802 2242 et
829 2180 1068 2219 lineamenta
1085 2180 1286 2241 polorum.

389 2231 437 2270 G.
467 2235 518 2271 24
545 2236 649 2270 mter
675 2232 833 2281 gladios
861 2244 904 2270 se
933 2235 1055 2280 atque
1083 2230 1250 2269 infestas
1278 2231 1460 2270 frameas.

385 2282 434 2322 G.
463 2285 513 2323 29
539 2283 666 2323 honos
695 2287 735 2323 et
763 2283 952 2333 antiquae
981 2281 1185 2321 societatis
1213 2281 1389 2332 insigne.

385 2333 434 2374 G.
461 2336 512 2375 43
539 2335 568 2375 f.
597 2334 806 2375 formidine
835 2337 875 2373 et
901 2334 1043 2372 umbra
1070 2332 1206 2371 feralis
1235 2334 1444 2372 exercitus.

386 2386 432 2424 G.
461 2389 511 2425 43
539 2387 648 2425 nulla
676 2387 901 2434 simulacra,
935 2386 1047 2423 nulla
1080 2387 1315 2435 peregrinae
1343 2385 1530 2435 supersti-

436 2438 556 2477 tionis
583 2439 671 2477 vest

386 2487 436 2527 H.
464 2491 490 2528 4
516 2491 567 2529 32
593 2502 643 2528 m.

442 2553 544 2580 mae.

381 2593 526 2652 vulgus
554 2603 714 2642 quoque
751 2591 1026 2630 adsistentium
1062 2594 1102 2630 et
1129 2590 1308 2629 adfluens
1336 2593 1375 2630 et
1402 2603 1530 2640 vagus

382 2643 626 2733 {gg-tignalis
638 2693 755 2733 favor
768 2696 808 2732 et
822 2693 1088 2742 gladiatorum
1101 2704 1369 2743 equorumque
1385 2694 1528 2731 studia.

385 2749 447 2786 tot
480 2747 697 2786 amicorum
732 2756 891 2795 causae,
925 2748 985 2785 tot
1018 2745 1146 2784 colon.
1176 2747 1215 2784 et
1242 2745 1382 2784 munic.
1412 2746 1529 2785 clien-

384 2798 579 2888 gglggtum
615 2849 821 2887 consilium
855 2851 896 2888 et
927 2860 1075 2888 causac
1109 2847 1274 2886 alicuius
1308 2848 1527 2887 meditatio-

382 2910 664 3041 {gfnhaturam
704 2951 951 2990 saeculorum
1002 2963 1049 2990 ae
1090 2954 1312 3001 respectum
1351 2950 1528 2989 immensi

383 3012 512 3103 Augu}
527 3012 709 3113 ftggilnma
744 3064 874 3092 rerum
915 3058 955 3093 et
997 3058 1256 3103 recuperatae
1300 3053 1527 3101 provinciae

384 3105 693 3206 Agglcggaomnis
720 3153 904 3195 iuventus
933 3158 973 3195 et
1000 3156 1145 3207 quibus
1172 3155 1297 3195 cruda
1325 3167 1370 3194 ae
1389 3154 1527 3194 viridis

385 3220 477 3308 Αὲῗ
479 3211 770 3299 1alfissetgisisessam
798 3259 947 3299 curiam
976 3262 1017 3300 et
1052 3259 1228 3300 clausum
1264 3259 1382 3299 armis
1416 3269 1526 3298 sena-

386 3314 579 3452 atligi-25
605 3364 791 3402 memoria
819 3363 990 3402 Neronis
1031 3375 1078 3403 ae
1120 3362 1357 3402 desiderium
1384 3361 1526 3412 prioris

458 3425 544 3452 icen
565 3424 638 3451 iae.

674 2449 686 2475 1
732 2449 768 2476 a.

679 2449 846 2528 'ffi'everi
884 2490 1121 2537 ceteraeque
1162 2487 1415 2527 servientium
1449 2488 1530 2526 ani-

1636 1874 1670 1910 1.

1606 1976 1668 2014 22.

1607 2234 1669 2271 12.

1606 2285 1668 2323 28.

1599 3365 1662 3403 32.

1711 1615 1761 1653 Η.
1790 1617 1827 1664 3,
1858 1617 1909 1654 68
1948 1616 2169 1654 Romanum
2195 1615 2414 1665 principem
2443 1618 2483 1654 et
2508 1614 2667 1665 generis
2694 1612 2852 1653 humaui

1764 1666 1883 1716 paulo
1912 1669 2004 1705 ante
2032 1665 2242 1705 dominum.

1708 1718 1757 1756 A.
1787 1720 1825 1767 3,
1852 1719 1901 1756 59
1930 1717 2179 1756 insolentiam
2207 1718 2427 1756 sententiae
2456 1728 2678 1768 aureasque
2697 1718 2853 1756 litteras

1762 1773 1899 1808 contra
1926 1769 2096 1818 patrium
2122 1780 2283 1808 morem.

1710 1821 1758 1861 G.
1789 1823 1808 1858 1
1848 1821 1950 1858 latos
1977 1820 2086 1858 sinus
2114 1823 2154 1858 et
2180 1820 2395 1858 insularum
2423 1819 2612 1858 immensa
2638 1821 2782 1869 spatia.

1710 1871 1999 1921 percontationi
2016 1874 2109 1910 tuae
2127 1871 2371 1921 respondere
2390 1873 2524 1911 ettam
2541 1882 2712 1922 magnae
2731 1881 2851 1920 quae—

1708 1923 1846 1961 stionis
1872 1922 2028 1972 pondus
2055 1923 2252 1972 excipere.

1708 1975 1835 2025 magis
1862 1974 2087 2025 profecerat
2101 1983 2255 2024 usuque
2275 1975 2315 2014 et
2333 1974 2613 2024 experimentis
2639 1973 2847 2013 didicerat.

1708 2027 1784 2076 Ag.
1815 2027 1864 2065 18
1890 2027 2065 2086 probare
2090 2027 2310 2076 exemplum
2343 2038 2392 2065 ae
2417 2027 2588 2066 recentis
2616 2025 2739 2076 legati
2768 2025 2849 2064 ani-

1762 2090 1866 2118 mum
1895 2089 2080 2128 opperiri.

1768 2131 1835 2169 .28
1863 2129 1892 2168 f.
1919 2140 1992 2179 per
2018 2130 2254 2169 commercia
2279 2131 2527 2168 venundatos
2556 2134 2596 2167 et
2614 2130 2654 2166 in
2673 2132 2850 2166 nostram

1759 2193 1885 2229 usque
1913 2182 2037 2229 ripam
2064 2182 2282 2219 mutatione
2309 2182 2520 2220 ementium
2547 2180 2754 2220 adductos.

1708 2233 1749 2272 in
1776 2232 1845 2272 illa
1871 2235 1985 2271 casta
2012 2234 2052 2272 et
2077 2231 2196 2272 nullis
2222 2234 2409 2273 contacta
2434 2232 2541 2273 vitiis
2567 2234 2745 2282 pectora.

1706 2284 1863 2333 integra
1890 2286 1930 2323 et
1955 2283 2073 2321 nullis
2098 2284 2365 2333 pravitatibus
2390 2303 2438 2312 -—
2469 2284 2627 2322 detorta
2653 2286 2807 2321 natura.

1708 2335 1785 2383 Ag.
1815 2337 1863 2373 16
1890 2335 2077 2372 innocens
2104 2336 2149 2372 B.
2179 2338 2219 2373 et
2245 2336 2364 2373 nullis
2391 2335 2547 2373 delictis
2574 2333 2735 2372 invisus.

1708 2386 1742 2425 A
1767 2386 1836 2425 ,16
1863 2385 2023 2434 segnior
2050 2388 2089 2425 et
2115 2385 2233 2425 nullis
2261 2389 2480 2425 castrorum
2507 2383 2796 2436 experimentis.

1709 2399 1763 2476 (ἒξ
1788 2438 1838 2475 10
1864 2436 2023 2476 candidi
2051 2440 2092 2476 et
2118 2437 2225 2476 nullo
2253 2438 2409 2476 mortali
2437 2448 2557 2486 opere
2584 2436 2771 2475 contacti.

1708 2489 1756 2528 G.
1785 2490 1834 2526 28
1862 2488 2108 2538 promiscuas
2145 2487 2276 2527 adhuc
2315 2491 2356 2528 et
2393 2489 2503 2528 nulla
2541 2498 2754 2537 regnorum
2780 2497 2849 2536 po‘

1759 2541 1884 2579 tentia
1912 2540 2073 2578 divisas.

1707 2592 1756 2631 H.
1784 2593 1822 2640 4,
1850 2591 1899 2630 42
1928 2604 1979 2630 m.
2009 2593 2186 2641 ignotum
2214 2590 2344 2631 adhuc
2372 2590 2572 2642 ingenium
2591 2593 2631 2631 et
2650 2589 2768 2630 nullis
2782 2588 2847 2629 de-

1758 2643 2002 2683 fensionibus
2029 2647 2246 2692 expertum.

1706 2693 1755 2732 11.
1787 2699 1822 2742 1,
1849 2695 1900 2732 32
1927 2693 2029 2732 forte
2057 2694 2184 2742 magis
2212 2697 2252 2733 et
2278 2694 2386 2733 nullo
2415 2693 2544 2732 adhuc
2572 2691 2749 2732 consilio.

1707 2746 1753 2784 A.
1783 2750 1819 2794 2,
1847 2747 1896 2784 25
1924 2744 1952 2784 f.
1981 2744 2150 2784 invictos
2183 2747 2223 2785 et
2250 2745 2367 2784 nullis
2408 2745 2567 2785 casibus
2599 2742 2847 2794 superabiles

1758 2800 1969 2838 Romanos.

1706 2850 1752 2888 A.
1781 2852 1817 2899 3,
1845 2850 1894 2888 37
1923 2849 2030 2887 solus
2059 2851 2099 2887 et
2125 2849 2243 2887 nullis
2270 2848 2542 2898 voluptatibus
2570 2849 2775 2886 avocatus.
2836 2894 2844 2903 ,

1706 2901 1753 2938 A.
1781 2903 1818 2949 4,
1848 2902 1893 2937 11
1924 2899 2134 2938 adversum
2161 2900 2318 2937 unicum
2345 2903 2386 2938 et
2411 2900 2557 2937 nullius
2585 2902 2677 2937 ante
2704 2895 2846 2944 flagitii

1758 2952 2016 3000 compertum.

1704 3003 1753 3041 A.
1784 3005 1845 3053 15,
1872 3003 1922 3040 43
1950 3001 1977 3039 f.
2018 3001 2195 3051 patulam
2223 3001 2470 3041 latitudinem
2503 3004 2545 3041 et
2571 3001 2682 3039 nulla
2707 2996 2846 3035 umbra

1758 3054 1976 3093 defensam.

1704 3106 1751 3144 A.
1781 3108 1843 3152 13,
1871 3104 1920 3141 47
1949 3103 1976 3141 f.
2006 3102 2196 3153 despecta
2224 3107 2266 3142 et
2290 3104 2437 3142 nullius
2465 3102 2552 3142 ausi
2580 3110 2721 3149 capax.

1703 3157 1779 3207 Ag.
1807 3157 1860 3194 40
1897 3155 2008 3193 brevi
2036 3156 2170 3193 osculo
2203 3159 2244 3193 et
2270 3156 2377 3194 nullo
2405 3164 2597 3194 sermone.
2652 3149 2702 3188 H.
2730 3150 2768 3198 2,
2794 3149 2845 3187 32

1754 3208 1930 3248 clausam
1956 3206 2124 3256 Alpibus
2152 3210 2192 3246 et
2218 3207 2325 3246 nullo
2353 3206 2474 3246 maris
2500 3200 2690 3243 subsidio.

1701 3261 1749 3300 A.
1777 3261 1815 3309 4,
1845 3261 1891 3298 11
1933 3269 2005 3297 sua
2039 3269 2156 3297 manu
2196 3261 2236 3299 et
2261 3259 2370 3298 nullo
2399 3258 2451 3297 ad
2478 3252 2758 3306 paenitendum
2786 3263 2844 3290 re·

1785 3322 1908 3350 ressu.

1703 3324 1933 3403 cii-{timcisa
1971 3364 2011 3400 et
2049 3364 2266 3411 amputata,
2306 3360 2390 3400 sine
2418 3359 2626 3409 apparatu,
2666 3356 2750 3395 sine
2777 3353 2844 3393 ho·

1703 3426 1812 3462 nore,
1840 3425 1878 3462 p.
1909 3413 1946 3452 d.
1977 3413 2060 3452 sine
2088 3413 2348 3462 ingenuitate.
2583 3427 2592 3443 κ
