3147 3836
1415 147 1469 154 -
1533 123 1560 166 9
1620 146 1674 155 ..-

387 252 597 308 Dialogus
615 251 866 296 imitatione
898 250 1114 311 Ciceronis
1146 256 1189 294 01
1219 251 1402 295 recentis
1427 250 1521 310 ‘stili
1550 252 1687 296 forma
1719 252 1878 296 mixtus
1908 266 1959 296 ac
1990 253 2100 297 bene
2130 252 2389 311 compositus
2421 256 2508 300 est:
2546 253 2627 299 sub
2659 253 2821 300 Cicero·

269 311 401 355 niana
431 318 575 356 tamen
604 311 748 368 specie
780 311 885 355 latet
916 310 1136 366 ingenium
1168 308 1423 354 Tacitinum.
1454 310 1576 354 Licet
1606 309 1788 367 scriptor
1809 311 2055 356 Ciceronem
2075 317 2295 367 tamquam
2315 314 2540 370 exemplar
2554 314 2825 370 incorruptae

269 371 538 426 eloquentiae
567 372 612 414 in
642 376 735 415 tota
765 368 1097 416 conformatione
1127 369 1333 413 sermonis
1362 369 1430 412 ad
1450 369 1705 413 imitandum
1735 370 1819 413 sibi
1849 372 2118 427 proposuerit
2148 371 2358 426 huiusque
2388 374 2633 417 ubertatem
2658 386 2711 416 ac
2730 386 2824 429 1110-

269 430 497 487 prietatem
527 430 734 486 retulerit,
766 430 903 474 multa
932 433 1077 472 tamen
1108 429 1336 473 immiscuit
1367 442 1478 484 quae
1509 435 1631 473 aeta-s
1661 435 1870 484 argentea
1901 436 1945 473 et
1975 431 2188 474 Flaviana
2217 438 2451 476 novaverat
2493 437 2536 476 et
2567 433 2662 488 ipse
2692 432 2824 476 subti-

270 490 367 533 liter
398 491 720 544 exeogitaverat
751 496 794 533 et
824 489 1063 542 ingeniose:
1095 502 1206 542 quae
1238 488 1412 542 quidem
1441 502 1579 531 novae
1610 494 1655 530 et
1684 489 1883 532 insolitae
1915 489 2123 533 dictiones
2159 489 2442 544 variandique
2483 492 2687 547 studium,
2730 496 2823 533 tan·

269 554 360 591 tum
390 549 527 604 abest,
560 554 607 593 ut
638 563 666 592 a
697 547 839 592 Taciti
870 545 1042 602 ingenio
1073 546 1346 602 abhorreant,
1378 551 1425 590 ut
1457 548 1582 601 quasi
1612 547 1760 602 digitis
1792 560 1889 591 eum
1919 548 2211 593 demonstrare
2241 548 2479 593 videantur.

388 608 600 664 Dialogus
630 620 735 653 saue
765 606 802 652 si
833 611 1106 662 comparatur
1134 619 1231 650 cum
1264 605 1480 661 Cicerone,
1499 606 1742 662 1101108101,
1775 607 1969 663 vividior,
2014 608 2258 652 adstrictior
2287 608 2385 652 illo:
2427 609 2465 652 si
2511 622 2608 653 cum
2658 608 2824 664 Tacito,

270 667 401 711 fusior
430 668 511 711 1100
540 667 713 711 videtur
742 671 785 709 et
817 666 1094 721 aequabilior.
1125 666 1372 708 Plinianum
1402 666 1614 709 scribendi
1644 679 1780 721 genus
1811 679 1916 723 prae
1945 667 2117 710 flumine
2137 673 2179 710 et
2199 668 2346 721 vigore
2372 668 2536 722 dialogi
2560 668 2690 711 valde
2714 668 2827 711 exile

270 732 311 769 et
343 728 504 781 graeile
534 732 612 770 est.
645 727 692 768 Si
722 740 819 768 eum
851 726 1115 777 Quintiliano
1148 724 1183 783 ¹)
1215 726 1423 780 conferas,
1456 725 1618 780 dialogi
1649 739 1787 780 genus
1819 727 2034 769 scribendi
2077 734 2120 769 et
2163 727 2320 770 laetius
2363 733 2407 770 et
2437 727 2646 770 audacius
2677 733 2719 770 et
2750 740 2824 768 nu-

269 786 474 829 merosius
505 792 548 828 et
579 785 735 828 elatius
749 783 959 841 adparet.
2761 794 2765 797 ·

389 846 436 890 Si
467 844 680 890 0131101108
711 844 809 888 illas
841 843 1011 905 seriptis
1042 843 1078 885 T
1082 843 1185 888 aciti
1215 843 1425 888 historicis
1455 844 1638 888 insertas
1670 856 1777 900 quas
1809 845 2122 887 enumeraverit
2153 845 2425 889 Ecksteinius
2467 859 2508 903 p.
2543 846 2599 888 72
2641 846 2687 888 in
2717 859 2826 888 eom-

270 906 537 961 parationem
567 905 800 946 adduxeris
831 903 949 959 (nam
979 905 1211 945 Annalium
1239 905 1502 958 singularem
1532 919 1583 946 ac
1612 918 1839 946 nervosam
1869 911 1912 947 et
1943 905 2240 947 admirabilem
2281 907 2591 959 verborumque
2615 906 2826 961 parcissi—

270 979 384 1006 mam
428 964 608 1006 formam
651 977 747 1005 eum
789 962 961 1015 dialogo
1003 976 1176 1016 prorsus
1220 963 1460 1016 comparari
1500 976 1584 1005 11011
1619 976 1746 1017 110880
1776 963 1905 1006 facile
1936 963 2154 1019 concedo),
2193 977 2300 1016 quas
2332 963 2502 1016 quidem
2534 964 2711 1007 Tacitus
2742 977 2827 1006 non

271 1021 433 1076 codem,
474 1035 557 1076 quo
587 1020 807 1065 historiam
838 1020 1100 1077 conscripsit,
1133 1034 1291 1076 genere
1321 1019 1524 1065 orationis
1556 1020 1846 1077 conformavit,
1891 1021 2082 1066 invenies
2112 1031 2349 1066 sermonem
2385 1021 2558 1076 quidem
2597 1022 2739 1078 magis
2769 1021 2827 1065 ad

271 1080 594 1125 Ciceronianum
624 1080 845 1137 exemplar
875 1080 1241 1124 accommodatum
1270 1081 1333 1123 ita
1362 1085 1520 1135 tamen,
1552 1085 1597 1123 ut
1628 1081 1790 1136 passim
1821 1093 2046 1125 nervosum
2077 1086 2120 1123 et
2150 1081 2402 1124 adstrictum
2431 1081 2724 1136 oppositisque
2754 1093 2826 1122 va-

270 1140 407 1182 lidum
436 1139 572 1194 ipsius
603 1141 823 1195 proprium
854 1140 1000 1182 stilum
1030 1139 1318 1182 admiscuerit.
1347 1139 1523 1193 Dialogi
1552 1140 1789 1194 simplicius
1833 1140 2049 1194 quoddam
2090 1146 2133 1182 et
2164 1140 2380 1183 remissius
2418 1139 2630 1192 simulque
2665 1140 2827 1193 largius

270 1212 321 1241 ae
351 1197 520 1254 plenius
552 1203 616 1241 est
647 1211 782 1252 genus
816 1198 1029 1242 scribendi
1059 1208 1189 1252 quam
1218 1199 1389 1241 illarum
1418 1198 1667 1242 orationum.
1700 1199 1890 1250 Quarum
1921 1199 1979 1241 ad
2008 1198 2329 1242 similitudinem
2360 1198 2498 1241 oratio
2519 1198 2704 1241 Materni
2734 1210 2827 1253 pro-

270 1258 368 1313 pius
400 1269 529 1311 quam
559 1258 667 1313 Apri
711 1257 900 1300 aceedit:
944 1257 1173 1299 minutiora
1215 1257 1457 1311 enunciata,
1489 1257 1746 1300 insolentior
1782 1257 1923 1313 dictio,
1976 1258 2236 1311 frequentior
2276 1258 2505 1313 ellipsium,
2550 1257 2829 1300 antithesium

271 1329 397 1359 usus:
430 1321 472 1359 et
504 1316 548 1358 in
579 1317 767 1372 ipsorum
797 1317 1022 1360 verborum
1052 1314 1279 1372 splendido
1309 1330 1484 1360 numero
1515 1321 1645 1371 poeta
1674 1316 2020 1372 deprehenditur.
2058 1318 2109 1359 In
2140 1317 2291 1361 Tacito
2323 1328 2494 1372 quoque
2523 1329 2827 1370 nonnunquam

272 1375 378 1416 mira
410 1376 688 1430 concinnitas,
733 1381 782 1418 ut
819 1377 864 1417 in
906 1376 1012 1430 Apri
1057 1381 1100 1417 et
1141 1376 1355 1418 Messalae
1385 1375 1661 1430 orationibus,
1706 1381 1850 1431 atque,
1884 1382 1929 1419 ut
1960 1376 2004 1418 in
2035 1376 2232 1432 Materni,
2263 1382 2488 1433 poetarum
2518 1389 2719 1419 numerus
2751 1379 2828 1417 est.

273 1434 340 1475 Ita
372 1433 512 1476 Germ.
544 1434 601 1477 39
633 1434 824 1477 nominat
853 1434 1008 1477 silvam

983 1494 1174 1548 auguriis
1204 1497 1376 1549 patrum
1407 1498 1449 1535 et
1479 1493 1623 1549 prisca
1652 1492 1878 1536 formidine
1909 1507 2087 1536 sacram.

273 1553 462 1596 Annales
493 1564 668 1596 exorsus
699 1557 764 1596 est
795 1552 1043 1596 hexametro

415 1611 573 1652 Urbem
603 1612 782 1653 Romam
812 1626 840 1653 a
869 1612 1079 1666 principio
1111 1625 1235 1664 reges
1266 1612 1466 1653 habuere.

274 1669 327 1712 Et
358 1684 549 1725 pugnam
579 1686 757 1714 numero
787 1670 954 1726 poetico
986 1669 1213 1725 descripsit

392 1728 441 1772 A.
477 1729 545 1784 15,
578 1730 604 1774 9
637 1729 841 1780 subiectis
871 1730 1034 1786 campis
1063 1742 1224 1785 magna
1254 1729 1398 1786 specie
1428 1729 1679 1774 volitabant.

394 1788 442 1830 A.
479 1789 548 1845 12,
581 1789 638 1832 39
668 1801 817 1847 pugna
849 1789 948 1833 dein
978 1789 1101 1833 nobis
1131 1802 1208 1846 pro
1239 1790 1412 1833 meliore
1442 1790 1534 1832 fuit.

393 1849 515 1898 Quae
547 1861 678 1901 quum
708 1850 771 1891 ita
801 1850 900 1903 sint,
945 1850 1139 1903 quamvis
1170 1849 1214 1890 in
1246 1848 1419 1902 dialogo
1457 1849 1629 1902 quidem
1671 1849 1783 1890 inter
1825 1848 2106 1891 imitationem
2149 1849 2302 1891 summi
2345 1849 2564 1891 Ciceronis
2599 1853 2644 1890 et
2682 1846 2830 1889 Tacito

276 1907 467 1948 innatam
497 1912 628 1961 atque
659 1908 833 1951 insitam
863 1907 1082 1962 cogitandi
1113 1913 1156 1950 01
1187 1907 1390 1961 loquendi
1420 1907 1629 1951 rationem
1659 1907 1795 1950 veluti
1825 1922 2017 1963 pugnam
2047 1922 2099 1950 ae
2130 1908 2488 1951 concertationem
2530 1921 2626 1950 cum
2670 1906 2830 1950 Orellio

275 1965 599 2021 adgnoseamus,
631 1967 795 2010 nullam
825 1972 969 2011 tamen
998 1967 1125 2011 video
1157 1979 1344 2022 eausam,
1378 1980 1453 2010 eur
1481 1967 1593 2011 hunc
1625 1966 1845 2021 dialogum
1877 1967 2041 2023 Tacito,
2087 1967 2160 2022 cui,
2186 1967 2379 2010 codicum
2417 1980 2545 2009 manu
2579 1965 2832 2021 scriptorum

275 2024 506 2068 auctoritas
535 2026 745 2082 attribuit,
778 2026 1111 2070 abiudicandum
1141 2039 1234 2070 esse
1264 2026 1556 2070 concedamus.

395 2084 529 2128 Immo
559 2086 703 2141 potius
733 2099 994 2142 magnopere
1024 2085 1300 2141 gaudendum
1329 2086 1535 2140 laudique
1566 2085 1816 2138 ducendum,
1837 2099 1930 2129 esse
1961 2099 2068 2141 reor,
2103 2086 2300 2129 Tacitum
2342 2098 2391 2128 eo
2429 2085 2684 2128 excelluisse
2714 2084 2832 2138 inge-

275 2144 358 2197 nio,
392 2149 438 2185 ut
470 2143 638 2186 diverso
669 2144 840 2187 dicendi
871 2159 1028 2200 genere
1058 2159 1224 2187 summa
1254 2146 1360 2188 artis
1390 2146 1547 2201 peritia
1577 2145 1740 2201 pariter
1761 2159 1862 2187 usus
1885 2145 2026 2198 fuerit,
2060 2150 2107 2186 ut
2129 2151 2352 2198 utrumque
2375 2143 2571 2197 quamvis
2587 2149 2683 2186 arte
2705 2156 2833 2196 quae-

275 2202 404 2245 situm
436 2216 491 2245 ex
520 2202 664 2246 indole
694 2205 932 2259 profectum
962 2204 1100 2247 videti
1131 2204 1276 2259 possit.
1308 2205 1420 2248 Nam
1450 2206 1565 2248 10010
1594 2205 1792 2247 Η3380118
1822 2209 1970 2246 0011113
2001 2204 2194 2259 Lipsium
2225 2203 2393 2258 docuit,
2413 2203 2457 2245 in
2488 2203 2567 2245 1113
2597 2201 2833 2245 mutatione

277 2261 476 2303 Tacitum
506 2275 796 2318 nonprorsus
826 2276 853 2305 a
883 2277 978 2306 sese
1009 2263 1182 2318 abiisse,
1216 2275 1347 2317 quum
1378 2263 1573 2318 quamvis
1604 2262 1775 2306 diversa
1806 2262 1891 2306 sint
1921 2263 1998 2305 illa
2028 2262 2197 2305 dicendi
2227 2275 2402 2316 genera,
2435 2261 2516 2305 1100
2547 2266 2699 2305 13111011-
2724 2274 2833 2304 eom-

276 2333 403 2361 mune
445 2320 647 2376 habeant,
701 2321 816 2375 quod
860 2328 902 2364 et
944 2336 1048 2365 suae
1095 2326 1322 2374 utrumque
1358 2323 1563 2365 materiae
1605 2322 1875 2377 aptissimum
1905 2323 1960 2364 sit
1992 2328 2034 2364 et
2066 2322 2179 2374 quod
2209 2327 2436 2374 utrumque
2467 2321 2632 2364 saeculi
2663 2320 2835 2374 ingenio

277 2378 535 2420 contrarium
565 2380 622 2420 ab
654 2385 748 2421 arte
778 2382 916 2435 magis
949 2386 991 2422 et
1023 2380 1187 2422 ratione
1219 2380 1360 2422 Taciti
1389 2381 1625 2436 profectum
1655 2379 1711 2422 sit
1743 2393 1873 2432 quam
1902 2393 2110 2422 consensu
2140 2379 2387 2432 aequalium
2417 2379 2775 2422 commendatum.

395 2436 633 2491 Eidemque
662 2438 754 2482 viro
785 2439 909 2482 docto
939 2438 1266 2482 adsentiendum
1297 2452 1390 2482 esse
1421 2444 1576 2493 statuo,
1609 2437 1830 2492 dialogum
1859 2443 1949 2480 tum
1980 2452 2007 2480 a
2038 2438 2190 2481 Tacito
2222 2451 2317 2481 esse
2358 2438 2567 2493 seriptum
2605 2451 2737 2492 quum
2779 2435 2835 2479 ad

276 2509 486 2539 summam
517 2497 622 2540 artis
653 2498 946 2541 maturitatem
975 2497 1265 2553 pervenisset:
1296 2497 1406 2541 adeo
1436 2498 1558 2540 illum
1587 2496 1715 2540 simul
1746 2501 1789 2539 et
1819 2496 1977 2551 insigni
2008 2496 2157 2540 iudicii
2185 2495 2419 2553 prudentia
2455 2500 2499 2540 et
2542 2496 2722 2540 oratoris
2762 2508 2831 2538 ex-

277 2554 445 2596 ercitati
476 2556 634 2611 peritia
665 2562 707 2599 et
737 2571 903 2600 summa
934 2556 1105 2599 dicendi
1134 2561 1241 2610 arte,
1274 2556 1459 2610 denique
1489 2557 1535 2598 111
1565 2556 1759 2599 omnibus
1791 2556 1919 2598 rebus
1949 2556 2198 2598 admirabili
2218 2556 2384 2610 ingenii
2404 2556 2673 2611 praestantia
2693 2554 2832 2608 splen-

277 2612 399 2654 dere:
431 2614 615 2657 fructum
645 2616 758 2657 hunc
789 2629 970 2668 eumque
1001 2614 1332 2670 pulcherrimum
1363 2629 1414 2657 ac
1443 2616 1627 2658 fortasse
1657 2614 1856 2656 ultimum
1885 2613 2023 2656 videri
2054 2615 2186 2658 fuisse
2224 2614 2356 2657 totius
2392 2615 2509 2657 vitae
2551 2613 2703 2668 prioris
2746 2616 2833 2655 stu·

277 2669 456 2725 diorum,
491 2685 602 2726 quae
634 2673 674 2716 ei
704 2675 839 2728 usque
871 2673 929 2717 ad
959 2673 1116 2717 aetatis
1147 2686 1306 2717 annum
1338 2672 1714 2728 quadragesimum
1742 2673 1831 2716 fere
1863 2685 1960 2716 eum
1990 2673 2130 2717 Plinio
2162 2673 2401 2717 communia
2431 2672 2620 2715 fuissent.

397 2730 608 2786 Dialogus
637 2732 770 2787 igitur
801 2738 864 2777 est
896 2733 1020 2788 quasi
1051 2732 1225 2776 libellus
1256 2746 1339 2788 quo
1371 2733 1561 2787 Tacitus,
1593 2731 1712 2774 v'elut
1743 2732 1854 2775 alter
1884 2732 2104 2776 Maternus
2126 2731 2176 2790 ²),
2208 2732 2345 2776 forum
2375 2731 2518 2774 valere
2547 2730 2669 2773 iubet
2699 2734 2756 2785 et,
2791 2734 2836 2771 ut

278 2802 373 2831 eum
403 2789 558 2832 Rothio
588 2791 753 2847 loquar,
788 2793 910 2846 quasi
941 2804 1215 2848 programma
1246 2792 1462 2846 quoddam
1493 2792 1776 2834 historiarum.

376 2966 401 3010 ¹)
446 2965 601 3022 Maxime
621 2969 835 3025 ‘caven-dum
867 2975 936 3026 est,
974 2980 1027 3026 ne·
1050 2970 1164 3016 primo
1197 2980 1318 3026 sensu,
1354 2979 1424 3014 quo
1438 2969 1494 3025 ‘in
1516 2967 1678 3025 legendo·
1691 2967 1810 3024 aliquo
1834 2967 1924 3005 libro
1950 2979 2243 3026 commovemur,
2269 2967 2367 3024 ducti
2391 2966 2574 3024 erroribus
2598 2966 2831 3021 decipiamur:

444 3014 539 3097 3¹:31¹
551 3016 790 3107 §saffra
800 3018 971 3101 affiffie
982 3018 1164 3101 οἲέἶθῗὲ
1182 3017 1398 3101 ἓῗοὶωὲἓὲ
1412 3013 2837 3109 miiffissffihainssffssssuffimss‘ssoeii?vissffffiffliuiisss-q‘ffinfflr}

446 3109 599 3144 editores
624 3119 669 3144 ex
692 3110 755 3145 illo
779 3116 938 3156 tempore
958 3076 1076 3157 {sque
1101 3076 1278 3147 adpfiuem
1301 3075 1454 3158 proxinli’i
1478 3111 1621 3157 saeculi,
1647 3112 1678 3147 si
1701 3123 1811 3146 unum
1834 3111 2033 3156 Pithoeum,
2072 3112 2133 3157 qui
2163 3113 2300 3157 primus
2328 3111 2485 3147 libellum
2515 3109 2559 3143 de
2591 3118 2649 3143 on·
2686 3106 2837 3143 seorsim

447 3156 566 3201 edidit,
591 3158 784 3203 exceperis,
823 3159 912 3195 adeo
944 3170 1019 3195 non
1054 3170 1134 3196 esse
1167 3170 1274 3195 ovum
1298 3171 1366 3196 ovo
1396 3164 1470 3195 tam
1495 3158 1619 3204 simile,
1645 3169 1753 3205 quam
1777 3158 1940 3204 dialogus
1964 3159 2142 3197 scribendi
2165 3171 2277 3204 genus
2300 3156 2563 3195 Institutionum
2588 3153 2837 3191 oratoriarum
2907 3178 2910 3181 -

446 3203 589 3287 rLeferat‚
627 3205 869 3241 adfirmavere.
920 3206 1007 3249 Quis
1039 3217 1124 3242 vero
1155 3217 1250 3242 nunc
1282 3207 1493 3253 invenietur,
1527 3207 1613 3251 quin
1647 3212 1730 3252 post
1761 3206 1958 3252 Spaldingii
1981 3213 2018 3243 01
2040 3207 2206 3243 Βο11110111
2230 3216 2335 3243 curas
2358 3206 2424 3240 hae
2447 3203 2485 3238 in
2507 3212 2547 3238 re
2571 3206 2643 3238 stet
2666 3201 2839 3238 adversus

377 3296 405 3343 2)
448 3253 723 3346 ἾἘῗὲωςέυᾱεο
745 3300 815 3335 hac
838 3301 876 3335 in
898 3310 939 3336 re
962 3300 1166 3346 wamiam,
1192 3301 1255 3345 qui
1277 3302 1316 3337 in
1339 3292 1580 3347 disputatione
1604 3312 1712 3346 quam
1730 3312 1846 3347 supra
1861 3302 2130 3338 commemoravi
2154 3301 2391 3336 Romanarum
2411 3303 2448 3334 et
2459 3295 2839 3350 Franco-Gallicarum

447 3345 635 3383 decursum
658 3347 855 3383 litterarum
879 3347 1073 3393 contendit,
1099 3358 1237 3383 meeum
1261 3349 1474 3386 consentire.
1499 3349 1599 3385 Haec
1622 3350 1715 3385 enim
1739 3354 1823 3384 sunt
1856 3360 1892 3394 p.
1919 3350 1965 3384 46
2001 3348 2109 3383 verba
2140 3347 2244 3382 huius
2274 3345 2370 3381 docti
2394 3344 2477 3381 viri:
2532 3344 2717 3389 »Longam
2739 3343 2838 3398 1113111
2865 3392 2868 3396 ¹

447 3396 787 3439 argumentationem
811 3395 944 3432 claudit
967 3405 997 3430 0.
1023 3396 1069 3430 41
1095 3395 1292 3441 Maternus,
1318 3397 1428 3430 altera
1451 3399 1558 3443 ipsius
1589 3398 1698 3432 Taciti
1716 3408 1875 3443 persona,
1902 3396 1962 3440 qui
1986 3395 2087 3439 quasi
2110 3393 2273 3439 publicae
2296 3393 2395 3438 apud
2405 3392 2590 3430 Romanos
2614 3391 2841 3437 eloquentiae
