3147 3836
1417 143 1679 185 -5-

384 272 600 319 Historiae
631 285 733 318 vero
764 271 908 317 editae
939 286 1052 316 anno
1087 272 1171 317 105
1213 276 1289 316 aut
1335 273 1433 328 106,
1476 272 1726 317 beatissimo
1770 273 1947 316 Traiani
1994 273 2251 329 principatu,
2285 273 2608 330 copia,'nitore,
2641 289 2829 332 numero,

266 333 445 378 laetiore
475 346 528 378 ac
557 333 750 390 pleniore
781 334 986 378 sermonis
1018 333 1201 376 decursu
1229 337 1329 376 sunt
1370 333 1756 388 praeclarissimae.
1818 334 1869 374 In
1900 333 2141 376 Annalibus
2184 347 2295 376 anuo
2330 336 2414 378 115
2445 340 2522 377 aut
2556 337 2655 391 116,
2688 341 2832 379 aetate

265 394 352 435 iam
382 392 442 435 ad
477 394 643 435 senium
672 398 890 447 vergente,
928 391 1179 447 conscriptis
1219 391 1405 433 cernitur
1435 392 1625 445 perfecta
1667 392 1873 436 historiae
1914 392 2233 446 componendae
2270 395 2433 447 species
2478 407 2609 447 quam
2654 395 2833 439 Tacitus

266 452 408 497 animo
438 456 714 508 conceperat.
765 457 868 507 quot
898 450 1045 506 verba,
1077 455 1140 495 tot
1173 449 1384 507 pondera.
1436 449 1716 506 abundantia,
1748 449 2014 495 luxuriantia
2045 464 2218 508 prorsus
2249 450 2398 509 recisa,
2431 452 2537 499 nihil
2567 452 2658 498 fere
2689 466 2715 498 e
2745 465 2830 499 ser·

265 525 389 556 mone
415 511 586 567 vulgari
614 512 809 568 petitum,
831 511 894 555 ita
923 515 971 553 ut
1001 525 1098 554 cum
1129 509 1411 554 admiratione
1444 511 1570 565 quasi
1597 510 1793 555 cothurni
1829 524 1992 567 sonum,
2025 526 2121 555 cum
2151 515 2303 556 sancta
2333 514 2573 557 reverentia
2604 514 2730 569 quasi
2760 527 2830 558 vo-

266 584 358 615 cem
387 570 541 615 summi
571 584 711 615 rerum
741 570 894 614 arbitri
925 570 1076 613 audire
1105 568 1339 613 videamur.

385 630 541 674 Omnia
571 635 716 673 autem
744 630 853 671 haec
883 629 1058 684 scripta,
1092 629 1173 671 etsi
1202 641 1287 671 non
1317 628 1477 683 ubique
1508 628 1703 684 eundem,
1736 635 1783 671 ut
1814 629 1878 671 ita
1910 629 2063 683 dicam,
2091 630 2287 685 colorem,
2311 636 2456 673 tamen
2477 644 2608 674 unum
2629 632 2829 675 eundem·

267 702 351 745 que
370 690 537 733 vultum
566 688 772 733 sermonis
802 702 908 744 prae
939 700 986 731 se
1016 688 1172 742 ferunt,
1203 691 1251 730 ut
1279 686 1333 730 de
1361 687 1562 731 Tacitina
1592 688 1770 743 origine,
1803 688 1840 731 si
1871 687 2073 730 Heldium
2119 702 2249 731 unum
2277 689 2331 732 de
2355 689 2587 733 Germania
2623 690 2830 734 incertum

266 748 499 804 exceperis,
550 761 674 792 nemo
706 760 896 802 unquam
925 746 1170 791 mortalium
1211 745 1410 790 dubitare
1449 760 1580 791 ausus
1611 747 1678 791 sit.
1740 747 1798 791 Ut
1830 747 1896 791 his
1927 747 2048 791 libris
2081 748 2323 793 sublimitas
2355 754 2398 792 et
2428 749 2624 804 gravitas
2656 755 2699 793 et
2730 763 2825 806 pro-

265 808 425 863 prietas
457 806 708 851 elocutionis
738 805 897 850 insidet
927 805 1084 860 Taciti,
1116 805 1180 849 ita
1209 805 1254 848 in
1285 805 1458 860 dialogo
1490 807 1646 850 eminet
1680 807 1896 849 Ciceronis
1927 819 2092 850 summa
2123 814 2165 849 et
2195 808 2464 851 admirabilis
2495 809 2692 852 imitatio.

382 868 506 910 Hanc
537 879 622 911 non
652 866 789 909 solum
819 869 1119 919 argumentum
1148 864 1303 920 ipsum,
1336 869 1384 906 ut
1415 865 1447 906 Ι.
1479 865 1528 906 F.
1560 866 1871 907 Klossmannus
1903 863 2090 921 (Proleg.
2122 866 2166 907 in
2198 867 2299 908 dial.
2332 867 2386 909 de
2416 880 2474 910 or.
2495 867 2671 910 Vratisl.
2705 868 2831 910 1833.

264 924 324 984 4.)
361 925 563 981 ostendit,
597 929 640 967 et
681 923 911 967 multitudo
947 923 1150 966 similium
1191 923 1499 966 sententiarum
1539 929 1581 966 et
1611 937 1794 977 magnus
1825 924 1870 964 in
1901 924 2081 977 singulis
2113 925 2334 968 vocabulis
2370 931 2413 967 et
2445 924 2704 969 dictionibus
2735 940 2830 970 con·

264 998 415 1029 sensus
445 989 672 1038 testantur,
704 982 782 1027 sed
811 982 896 1039 ipsi
926 982 1250 1025 interlocutores
1265 979 1300 1039 ¹)
1332 982 1406 1036 qui
1436 995 1578 1026 omnes
1623 995 1678 1025 ne
1708 983 1825 1038 Apro
1858 981 2031 1036 quidem
2062 988 2241 1038 excepto
2272 997 2431 1038 magna
2467 989 2666 1028 tenentur
2696 985 2831 1029 Tullii

264 1042 563 1089 admiratione.
634 1042 773 1086 Huius
813 1041 1019 1111 principis
1050 1046 1267 1085 oratorum
1307 1041 1594 1096 eloquentiam
1635 1042 1751 1096 quod
1791 1054 1915 1085 nemo
1956 1042 2165 1086 aemulari
2206 1043 2406 1099 potuerit,
2449 1043 2715 1099 ingeniorum
2758 1044 2830 1088 de·

264 1103 451 1159 fectioni,
493 1101 608 1158 quod
648 1115 703 1145 ne
744 1101 954 1158 cupiverit
995 1100 1168 1155 quidem
1198 1100 1451 1144 iudiciorum
1492 1101 1698 1157 pravitati
1739 1101 2014 1144 tribuendum
2055 1115 2148 1145 esse
2190 1107 2339 1145 censet
2369 1108 2517 1146 auctor
2548 1103 2723 1158 dialogi,
2757 1105 2830 1158 qui

265 1164 482 1207 Ciceronis
525 1163 580 1205 de
622 1161 897 1218 philosophia
936 1160 1187 1216 scriptiones
1218 1165 1349 1214 atque
1390 1161 1602 1205 orationes
1634 1167 1677 1204 et
1708 1160 2019 1204 studiosissime
2049 1161 2232 1205 coluisse
2261 1160 2434 1205 videtur
2464 1167 2507 1205 et
2537 1163 2831 1218 per-volutasse

264 1222 526 1278 saepissime.
563 1220 681 1264 Illud
712 1219 928 1264 diversum
958 1219 1129 1262 dicendi
1159 1232 1296 1274 genus
1328 1224 1370 1262 et
1401 1219 1681 1263 imitationem
1703 1219 1948 1262 'lullianam
1979 1234 2138 1275 omnes,
2162 1225 2370 1275 quotquot
2391 1220 2612 1276 dialogum
2632 1236 2660 1265 a
2681 1222 2832 1265 Tacito

251 1282 500 1339 'profectum
529 1280 613 1325 sibi
641 1283 959 1337 persuaserant,
992 1278 1188 1332 quamvis
1207 1278 1403 1347 'ingenue
1435 1279 1726 1333 concederent,
1750 1283 1916 1321 tantum
1946 1285 2091 1322 tamen
2113 1280 2339 1323 discrimen
2373 1282 2652 1324 excusatione
2682 1281 2832 1335 aliqua

264 1353 390 1395 egere
421 1340 635 1397 putabant
667 1343 710 1381 et
739 1339 851 1381 alius
882 1338 969 1380 alio
1000 1337 1126 1380 modo
1156 1338 1313 1391 origini
1343 1338 1567 1380 Tacitinae
1597 1338 1960 1393 patrocinabatur.

381 1399 507 1441 Multi
550 1404 707 1440 natura
748 1396 1014 1439 intercedere
1055 1396 1256 1439 dixerunt
1294 1396 1628 1450 discrepantiam
1671 1396 1783 1440 inter
1823 1410 1960 1472 genus
2001 1397 2201 1441 historias
2242 1397 2456 1441 scribendi
2487 1403 2530 1441 et
2561 1397 2831 1442 humiliorem

264 1456 427 1512 dialogi
456 1456 615 1510 stilum,
647 1453 825 1500 laudato
836 1454 1046 1499 Demetrii
1075 1453 1278 1498 Phalerei
1308 1453 1443 1499 dicto:
1475 1457 1662 1511 διαλογικῆ
1700 1463 1794 1499 ἐστιν
1820 1459 1843 1511 ἦ
1880 1461 2045 1523 περίοδος
2070 1458 2093 1509 ἦ
2125 1459 2175 1498 ἔτι
2212 1457 2375 1511 ἀνειμένη
2409 1461 2469 1500 καὶ
2505 1460 2733 1514 ἁπλουστέρα
2768 1462 2832 1510 τῆς

263 1519 452 1573 insomne.
534 1514 667 1558 Aliud
698 1527 792 1559 esse
821 1514 1043 1558 historiam
1073 1527 1214 1557 rerum
1244 1518 1476 1569 gestarum,
1508 1513 1627 1556 aliud
1657 1513 1838 1557 alicuius
1871 1514 2132 1568 quaestionis
2165 1514 2521 1570 disceptationem
2550 1515 2829 1558 conscribere.

263 1574 331 1616 Ita
361 1574 447 1616 iam
477 1573 665 1617 Plinium
695 1574 805 1629 Epp.
836 1574 879 1627 5,
912 1574 958 1616 8.
1005 1573 1173 1625 „Habet
1204 1572 1380 1627 quidam
1411 1572 1547 1616 oratio
1578 1577 1621 1614 et
1651 1572 1831 1615 historia
1870 1573 2007 1614 multa
2037 1572 2290 1626 communia,
2317 1573 2395 1615 sed
2423 1574 2550 1628 plura
2580 1573 2754 1616 diversa
2784 1574 2829 1615 in

263 1632 330 1675 his
360 1633 480 1688 ipsis,
513 1646 624 1687 quae
655 1631 896 1676 communia
924 1631 1136 1674 videntur.
1196 1632 1355 1675 Narrat
1384 1645 1489 1674 sane
1519 1631 1608 1685 illa,
1641 1635 1790 1674 narrat
1820 1630 1950 1674 haec·
1995 1630 2073 1674 sed
2104 1632 2251 1673 aliter:
2279 1605 2382 1675 huic
2411 1633 2618 1687 pleraque
2648 1632 2831 1674 humilia
2905 1657 2908 1660 ,

263 1695 305 1734 et
335 1690 510 1734 sordida
531 1697 574 1735 et
605 1705 660 1735 ex
690 1691 831 1735 medio
861 1691 1024 1759 petita:
1054 1691 1121 1733 illi
1151 1690 1295 1734 omnia
1324 1690 1557 1743 recondita,
1589 1689 1831 1745 splendida,
1865 1690 2038 1733 excelsa
2069 1690 2350 1733 conveniunt:
2381 1690 2491 1734 hanc
2520 1686 2696 1759 saepius
2717 1703 2829 1745 ossa,

262 1750 456 1805 musculi,
488 1751 622 1805 nervi,
654 1751 775 1793 illam
804 1750 888 1793 tori
919 1749 1095 1804 quidam
1125 1755 1167 1792 et
1200 1749 1323 1804 quasi
1353 1749 1481 1792 iubae
1513 1748 1687 1791 decent:
1726 1748 1833 1792 haee
1864 1749 1933 1791 vel
1964 1750 2150 1793 maxime
2181 1749 2238 1804 vi,
2272 1750 2572 1804 amaritudine,
2606 1750 2827 1802 instantia,

261 1807 339 1851 illa
369 1812 510 1852 tractu
541 1814 584 1853 et
615 1809 829 1853 suavitate
872 1813 1004 1863 atque
1049 1808 1179 1851 etiam
1211 1808 1437 1850 dulcedine
1474 1809 1640 1864 placet:
1691 1813 1906 1863 postremo
1948 1808 2035 1849 alia
2075 1809 2223 1862 verba,
2266 1809 2377 1851 alius
2417 1823 2560 1863 sonus,
2602 1808 2692 1850 alia
2731 1822 2826 1850 con—

262 1869 475 1910 structio.“
539 1870 630 1912 Nec
671 1869 826 1911 mirum
871 1881 964 1911 esse
1010 1873 1165 1924 putant
1206 1866 1321 1922 quod
1363 1867 1544 1923 scriptor
1580 1865 1742 1920 dialogi
1784 1867 1949 1909 nullum
1980 1881 2106 1920 quem
2137 1867 2328 1910 imitetur
2358 1866 2595 1922 digniorem
2626 1866 2823 1911 habuerit

264 1940 393 1980 quam
421 1942 631 1971 summum
662 1927 780 1984 apud
810 1928 1022 1971 Romanos
1052 1927 1098 1970 in
1129 1926 1315 1982 dialogis
1344 1926 1551 1970 artificem
1581 1924 1764 1981 dicendi,
1798 1926 2054 1970 Ciceronem.

380 1987 584 2030 Nonnulli
614 1993 663 2031 ιιι
693 1987 846 2030 Tacito
876 1986 1071 2030 libellum
1101 1985 1432 2042 pulcherrimum
1462 1985 1692 2040 vindicent,
1726 1990 1769 2028 et
1799 1999 1827 2028 a
1857 1986 2258 2042 reprehensionibus
2281 1985 2526 2041 defendant,
2549 1986 2821 2028 immaturam

262 2043 481 2101 scriptoris
513 2050 702 2090 aetatem
732 2045 994 2090 obtendunt:
1026 2058 1123 2088 cum
1152 2045 1415 2102 temporibus
1444 2046 1562 2087 vitae
1591 2045 1719 2087 facile
1750 2057 1885 2099 genus
1917 2057 2087 2099 quoque
2119 2045 2289 2087 dicendi
2319 2045 2476 2087 mutari
2507 2049 2548 2086 et
2575 2043 2691 2098 quod
2715 2044 2819 2087 adu—

262 2104 461 2147 lescentis
491 2105 620 2147 suerit
651 2106 826 2158 laetum,
858 2105 1095 2156 luxurians,
1127 2104 1342 2159 profluens
1372 2118 1425 2146 ac
1455 2104 1663 2158 floridum,
1707 2104 1822 2147 senis
1864 2103 1954 2146 fieri
1997 2105 2224 2158 concisum,
2262 2105 2405 2157 breve,
2446 2116 2592 2157 grave,
2633 2103 2824 2146 sobrium

263 2175 315 2204 ac
344 2167 581 2205 maturum:
614 2163 743 2218 quale
773 2162 910 2218 ipsius
939 2163 1173 2206 Annalium
1204 2167 1246 2206 et
1277 2162 1561 2206 Historiarum
1590 2164 1659 2217 sit,
1692 2161 1750 2204 ad
1782 2175 1893 2216 quae
1924 2162 2151 2205 scribenda
2193 2162 2279 2205 iam
2322 2175 2452 2205 senex
2492 2161 2571 2205 sub
2604 2161 2751 2205 Nerva
2781 2168 2824 2205 et

263 2220 451 2264 Traiano
482 2223 671 2267 animum
701 2220 930 2276 adpulerit.

380 2278 453 2323 Sic
483 2280 726 2337 nuperrime
755 2279 1012 2324 Franciscus
1041 2279 1193 2336 Ritter,
1225 2280 1275 2323 V.
1308 2279 1384 2335 CL,
1416 2279 1623 2322 iudicavit
1655 2278 1775 2335 (Tac
1807 2281 1916 2322 Ann
1945 2292 2128 2335 prooem.
2160 2293 2200 2335 p.
2236 2279 2309 2337 12)
2352 2279 2573 2333 dialogum
2604 2279 2650 2321 in
2681 2279 2823 2334 dispo-

262 2338 415 2381 sitione
445 2341 707 2393 quaestionis
737 2341 801 2381 ita
830 2339 1019 2394 pendere
1050 2341 1107 2382 ab
1138 2340 1364 2382 Hortensio
1399 2338 1614 2381 Ciceronis
1664 2344 1796 2391 atque
1847 2339 1890 2380 in
1941 2339 2177 2381 elocutione
2228 2352 2325 2381 eam
2374 2337 2602 2382 ostendere
2652 2338 2823 2381 uberta-

260 2404 347 2439 tem
377 2403 421 2440 et
453 2398 671 2451 quandam
700 2398 900 2442 iuvenilis
929 2399 1086 2459 aetatis
1115 2397 1426 2442 abundantiam
1457 2402 1500 2440 et
1536 2396 1899 2452 immaturitatem,
1945 2402 1992 2440 ut
2035 2396 2113 2441 hoc
2156 2397 2409 2453 opusculum
2439 2396 2497 2441 ab
2528 2401 2718 2453 auctore,
2751 2397 2825 2452 qui

261 2455 400 2510 magis
431 2457 682 2524 profecisset
713 2469 878 2512 usuque
908 2461 952 2500 et
974 2450 1251 2532 experientia
1281 2455 1500 2500 didicisset
1531 2454 1645 2510 quod
1675 2456 1860 2498 maxime
1890 2455 2159 2512 probandum
2196 2461 2310 2501 esset
2340 2469 2478 2513 genus
2520 2456 2708 2513 dicendi,
2741 2469 2824 2500 non

261 2515 542 2571 compositum
572 2528 666 2559 esse
696 2515 906 2558 videatur.

378 2574 467 2616 Alii
495 2588 597 2617 vero
628 2588 684 2616 ex
713 2575 849 2629 ipsius
879 2573 1097 2629 scriptoris
1128 2555 1303 2616 consilio
1333 2573 1595 2630 repetierunt
1627 2573 1926 2625 differentiam,
1960 2574 2035 2626 qui
2076 2588 2200 2616 suum
2242 2574 2396 2628 cuique
2427 2587 2636 2629 personae
2667 2587 2821 2617 sermo—

261 2645 359 2674 nem
379 2632 777 2687 accommodaverit,
801 2632 874 2686 qui
895 2631 1158 2676 causidicum
1187 2633 1352 2677 artibus
1382 2632 1616 2687 rhetoricis,
1653 2637 1828 2688 poetam
1858 2631 2011 2676 altiore
2043 2638 2086 2675 et
2117 2630 2370 2677 audentiore
2401 2632 2649 2688 elocutione,
2681 2645 2822 2675 rerum

260 2690 450 2734 civilium
480 2697 523 2736 et
553 2691 852 2748 philosophiae
881 2691 1187 2748 peritissimum
1216 2691 1484 2735 laudatorem
1520 2691 1722 2747 temporis
1766 2691 1853 2735 acti
1894 2692 2100 2747 oratione,
2148 2692 2337 2747 antiquis
2387 2692 2651 2736 iucunditate
2696 2692 2824 2747 eopia

260 2748 500 2794 subtilitate
531 2750 761 2807 simillima,
793 2750 1053 2795 instruxerit.
1098 2751 1249 2806 Neque
1270 2751 1498 2808 quisquam
1527 2751 1652 2794 facile
1682 2751 1874 2805 negabit,
1907 2756 1950 2793 et
1981 2751 2292 2794 contentionem
2323 2752 2589 2805 coloremque
2618 2750 2825 2794 orationis

260 2808 420 2851 variari
449 2809 495 2852 iu
524 2811 707 2865 singulis
737 2811 935 2867 partibus
966 2810 1144 2865 dialogi,
1176 2823 1316 2865 neque
1347 2809 1497 2854 deesse
1527 2815 1912 2866 temperamentum
1942 2809 2286 2864 longissimarum
2315 2809 2589 2866 periodorum
2610 2814 2655 2853 et
2683 2810 2823 2853 brevi·

260 2873 326 2910 ter
356 2872 567 2922 acuteque
597 2868 817 2913 dictorum.
861 2870 984 2928 Quae
1015 2869 1278 2913 concinnitas
1308 2870 1355 2913 in
1383 2870 1491 2926 Apri
1522 2869 1814 2926 disputatione
1846 2869 1920 2939 qui
1949 2869 2211 2913 veteratoria
2240 2869 2431 2913 sollertia
2461 2873 2506 2913 et
2535 2869 2726 2926 superba
2757 2869 2823 2913 sui

260 2925 543 2971 admiratione
572 2928 725 2973 laudes
755 2923 1024 2983 eloquentiae
1054 2928 1234 2973 forensis
1263 2931 1525 2986 pertractat!
1588 2931 1710 2982 Quae
1751 2929 1917 2985 species
1960 2933 2002 2971 et
2038 2929 2263 2972 maturitas
2294 2934 2337 2972 et
2367 2928 2588 2984 elegantia
2617 2929 2823 2973 sermonis

263 2991 306 3030 et
335 2986 644 3030 sententiarum
673 2987 908 3031 Messalae!
953 2988 1075 3040 Quae
1106 2988 1236 3032 elatio
1268 2989 1485 3043 orationis,
1518 3001 1628 3058 quae
1659 2988 1844 3031 audacia
1873 2993 2096 3044 poetarum
2126 2989 2314 3044 propria,
2338 2989 2453 3043 quod
2474 3002 2666 3043 acumen,
2690 3000 2821 3042 quan-

261 3051 330 3088 tus
360 3059 560 3089 numerus
590 3045 636 3088 in
665 3047 942 3101 responsione
970 3047 1157 3091 Materni
1187 3061 1365 3091 arcanos
1395 3047 1537 3091 intimi
1564 3047 1749 3103 pectoris
1780 3060 1972 3090 recessus
2002 3046 2281 3091 recludentis!

379 3104 549 3148 Inventi
580 3108 679 3149 sunt
710 3104 840 3148 etiam
871 3105 945 3160 qui
976 3119 1107 3161 quum
1137 3119 1192 3150 ne
1222 3105 1348 3150 initia
1383 3105 1557 3162 quidem
1592 3105 1789 3162 quamvis
1825 3105 1971 3149 tenuia
2003 3105 2121 3150 illius
2153 3106 2430 3164 proprietatis
2438 3105 2474 3163 ²)
2507 3104 2695 3161 reperiri,
2732 3117 2816 3158 qua

366 3270 392 3315 ¹)
426 3271 482 3307 De
505 3270 669 3307 Materno
694 3280 798 3316 quem
822 3268 891 3306 Dio
917 3268 1061 3306 Cassius
1084 3274 1212 3308 auctor
1241 3275 1297 3308 est
1319 3270 1420 3308 iussu
1449 3269 1644 3308 Domitiam
1666 3269 1890 3308 interfectum
1922 3280 2000 3308 esse
2024 3281 2081 3304 οτι
2109 3266 2200 3304 κανᾶ
2227 3264 2409 3318 τυράννων
2436 3260 2512 3302 εἶπέ
2530 3278 2564 3302 τι
2583 3260 2706 3303 donau
2754 3268 2819 3305 cfr.

426 3318 551 3354 Eekst.
576 3319 618 3364 93
642 3318 687 3354 de
709 3317 810 3363 Apro
835 3317 900 3362 113
925 3317 970 3353 de
995 3317 1158 3353 Secundo
1184 3318 1248 3363 13·
1274 3319 1318 3354 de
1342 3319 1501 3355 Messala
1527 3320 1582 3355 17.

359 3363 387 3411 ³)
419 3365 569 3459 inescans
581 3367 685 3451 ‘gxii
707 3364 907 3459 ἓιζιὲιέἰὶὲιε,
943 3364 1089 3410 Langeo
1125 3364 1266 3410 quidem
1289 3365 1416 3412 iudice,
1442 3366 1586 3404 Tacitus
1609 3366 1647 3402 in
1671 3365 1812 3412 dialogo
1837 3365 1983 3411 vestigia
2007 3364 2178 3411 quaedam
2204 3369 2239 3402 et
2261 3364 2391 3401 indicia
2415 3364 2590 3402 sermonis
2613 3365 2648 3401 iu
2675 3363 2824 3411 reliquis
