3147 3774
311 309 372 349 19.

309 513 370 551 36.

307 1118 389 1158 cfr.

309 1277 372 1315 22.

307 1379 369 1416 10.

310 1534 371 1570 13.

308 1687 373 1725 23.

310 1788 374 1827 28.

313 2356 377 2394 24.

315 2408 378 2445 36.

314 2510 380 2548 22.

314 2562 378 2600 31.

1457 129 1748 172 -ρθᾲ

414 306 618 368 elementis
645 305 865 346 studiorum
892 254 969 343 et¹s⁰i
1002 314 1082 342 non
1119 302 1352 353 instructus,
1379 307 1421 342 at
1450 307 1557 343 certe

414 359 625 449 ffbzgugic
653 407 862 447 instituere
889 405 1075 455 maiores,
1101 406 1254 456 posteri
1281 406 1498 446 imitantur.

410 510 544 549 mixtis
571 510 756 549 omnibus
784 513 825 548 et
852 468 1105 547 mdfferatore
1131 520 1212 548 uno
1241 509 1482 548 carentibus.

409 613 460 655 H.
481 615 519 665 2,
540 616 590 656 32
614 614 642 655 f.
673 574 1003 665 senatumque-’et
1030 614 1221 665 populum
1247 625 1463 666 numquam
1491 613 1560 653 ob-

461 678 579 706 scura
608 668 782 717 nomina,
798 666 956 705 etiamsi
970 665 1142 717 (Haase:
1164 666 1322 716 utiam)
1342 666 1561 716 aliquando

462 718 763 758 obumbrantur.

410 818 460 856 H.
475 819 513 867 3,
526 819 551 856 2
567 829 619 855 m.
640 821 681 856 et
701 816 902 867 profuisse
931 789 1169 867 disciplinae
1198 817 1327 866 ipsum
1355 817 1561 867 pudorem.

1734 257 1936 348 H‘vill'io?
1962 257 1990 299 f.
2019 258 2318 310 postulantibus
2352 259 2601 303 manifestior
2624 266 2664 304 et
2705 260 2885 316 punienti

1735 361 1786 399 H.
1799 363 1837 410 4,
1854 363 1904 400 42
1931 374 1982 400 m.
2011 361 2177 401 istorum
2205 361 2458 405 defensiones
2487 365 2555 416 qui
2582 363 2750 415 perdere
2778 365 2882 404 alios

1788 423 1907 462 quam
1935 411 2155 462 periclitari
2182 411 2259 463 ipsi
2288 415 2527 457 maluerunt.

1736 462 1785 502 A.
1806 466 1867 513 14,
1896 466 1947 503 43
1974 463 2142 503 insidias
2171 464 2338 503 serviles
2364 487 2415 493 —
2442 466 2558 507 nemo
2585 466 2788 519 prohibuit
2814 469 2884 504 aut

1790 515 1981 565 prodidit.

1737 614 1785 654 A.
1806 616 1866 666 12,
1887 617 1936 654 21
1954 614 2074 654 finon
2103 626 2189 654 sum
2217 575 2406 655 rgmissus
2433 616 2487 655 ad
2514 628 2572 668 se,
2587 618 2659 657 sed
2686 628 2882 657 reversus.

1740 711 1788 753 G.
1816 714 1839 753 7
1866 725 1995 765 neque
2022 713 2186 763 vincire,
2213 677 2504 755 ng⁰verberare
2532 715 2708 766 quidem.

1738 765 1786 804 A.
1801 767 1838 814 2,
1859 767 1907 804 51
1930 765 2070 816 paucis
2099 766 2301 816 suffragiis
2326 787 2379 794 —
2404 767 2525 805 etiam
2553 778 2674 817 quum
2702 769 2882 807 valerent

1789 817 1911 866 leges,
1939 816 2217 856 vincebantur.

553 965 1294 1071 ADLITTERA
1312 966 1530 1037 1⁷10
1584 980 1660 1038 et
1713 967 2378 1037 ADNOMINA
2398 967 2635 1038 1⁷10.

418 1117 562 1157 Pabst.
591 1115 701 1156 Edit.
729 1069 1032 1165 Dialoglosszlcic.
1058 1114 1172 1152 Lacl.
1201 1113 1263 1153 ed.
1292 1113 1466 1162 Seyffert

1498 1125 1538 1164 p.
1568 1117 1655 1155 131.
1683 1117 1760 1155 307
1789 1127 1849 1166 sq.
1877 1117 1967 1155 492.
2021 1115 2103 1155 Cic.
2132 1114 2277 1155 Orator
2310 1115 2374 1155 ed.
2410 1115 2571 1157 Goeller
2602 1129 2643 1169 p.
2669 1118 2760 1158 260.
2792 1119 2879 1158 120.

1042 1164 1125 1204 Cic.
1153 1165 1257 1214 Epp.
1286 1165 1461 1203 selectae
1489 1165 1553 1204 ed.
1582 1166 1742 1216 Suepfle
1769 1177 1809 1216 p.
1839 1169 1929 1205 256.
1956 1169 2044 1206 259.
2073 1170 2160 1206 321.

412 1274 578 1322 Fugitet
606 1271 778 1312 foedam.

410 1325 461 1364 H.
489 1326 527 1375 3,
556 1325 606 1365 79
632 1322 660 1362 f.
689 1323 739 1362 Η.
767 1324 805 1373 4,
835 1324 885 1362 18
911 1321 939 1360 f.
968 1321 1087 1360 foeda
1115 1321 1225 1372 fuga.

409 1378 583 1415 lacertos
609 1375 777 1415 levitate
805 1374 925 1413 iaculi
953 1377 1023 1412 aut
1051 1373 1161 1413 iactu
1188 1373 1302 1413 disci.

409 1428 458 1467 A.
478 1431 514 1477 1,
532 1429 582 1467 35
609 1426 764 1466 nudant
792 1437 974 1477 corpora,
1002 1425 1212 1464 cicatrices
1239 1437 1290 1464 ex
1311 1425 1559 1476 vulneribus,

462 1479 676 1518 verberum
702 1480 834 1516 notas.

413 1530 606 1569 memoria
633 1529 725 1568 mei.

411 1581 463 1621 H.
494 1583 531 1631 3,
561 1582 613 1621 34
638 1579 938 1630 magnificentia
972 1579 1225 1629 municipum.
1279 1579 1327 1618 A.
1354 1581 1392 1629 4,
1420 1581 1470 1619 38
1499 1591 1560 1619 sa·
1604 1596 1614 1610 ·

464 1633 519 1671 tis
548 1643 746 1682 superque
773 1631 988 1669 memoriae
1014 1643 1127 1669 meae
1155 1631 1344 1669 tribuent.

417 1684 615 1722 neminem
644 1682 872 1721 nominabo.

416 1736 464 1775 A.
496 1737 556 1784 16,
584 1736 634 1774 27
662 1734 817 1773 nemine
844 1734 1090 1774 nominatim.

415 1785 642 1826 vernaculis
668 1785 790 1824 vitiis.

416 1839 464 1877 A.
496 1841 556 1887 11,
584 1839 634 1876 22
662 1835 688 1876 f.
717 1837 827 1875 velut
854 1836 990 1875 vinum
1019 1836 1195 1875 daretur.

416 1940 639 1986 temporum
667 1936 830 1987 templa.

414 1988 463 2026 A.
495 1990 556 2038 15,
585 1990 636 2027 26
664 1988 691 2026 f.
720 1988 761 2026 in
789 1987 1000 2026 inscitiam.

414 2040 467 2078 Η.
497 2042 533 2089 1,
561 2040 586 2078 2
615 2051 717 2090 opus
744 2038 961 2089 adgredior
987 2037 1160 2089 opimum
1188 2038 1363 2079 casibus.

415 2090 466 2130 H.
493 2092 531 2139 4,
561 2092 611 2130 72
639 2103 713 2130 nec
741 2090 907 2141 perinde
934 2090 1164 2140 pericnlum.

415 2143 464 2182 A.
494 2143 556 2192 13,
583 2144 636 2183 43
661 2142 850 2194 publicae
877 2141 1070 2192 pecuniae
1097 2143 1338 2192 peculatum.

415 2194 492 2245 Ag.
524 2196 571 2235 19
598 2193 626 2234 f.
685 2206 766 2235 uae
788 2194 828 2234 in
856 2196 1080 2245 quaestum.

416 2247 464 2285 A.
496 2249 556 2296 12,
585 2248 636 2286 59
682 2276 692 2285 .
721 2248 802 2285 vim
830 2246 939 2285 vitae
968 2257 1064 2285 suae
1090 2246 1239 2286 attulit.

415 2353 688 2394 laudationem
715 2353 842 2404 antiq.
870 2373 922 2379 -
948 2353 1049 2392 satis
1077 2352 1184 2392 fama
1212 2353 1363 2393 laudat.

417 2405 552 2444 vocati
595 2416 668 2443 sua
709 2416 808 2443 voce
849 2404 1037 2454 respond.
1094 2407 1143 2444 13
1180 2417 1332 2444 summa
1364 2405 1566 2455 potentia:

419 2461 574 2496 tantum
601 2468 721 2507 posse
748 2456 885 2495 liberti
914 2457 1057 2496 solent.

424 2520 472 2547 eo
499 2511 606 2547 tecto
634 2509 731 2558 tegi.

419 2559 460 2599 in
498 2559 698 2609 plerisque
734 2559 892 2597 iudiciis
930 2558 1110 2598 crederet
1138 2570 1209 2598 sua
1238 2559 1431 2599 interesse
1459 2559 1568 2610 quod

419 2610 679 2650 iudicaretur.

419 2663 468 2702 A.
497 2664 534 2712 6,
563 2663 616 2702 50
642 2661 670 2700 f.
698 2661 831 2700 redire
860 2661 1024 2700 Tiberio
1059 2673 1197 2700 vocem
1235 2673 1283 2700 ac
1312 2663 1422 2701 visus
1448 2674 1567 2701 voca·

472 2726 506 2752 ι·ι
538 2724 602 2752 ue.

422 2766 470 2805 A.
497 2726 536 2815 2}
564 2765 614 2804 52
644 2776 716 2815 spe
744 2763 939 2803 victoriae
974 2762 1126 2803 inducti
1155 2767 1259 2814 sunt,
1294 2768 1335 2804 ut
1364 2764 1566 2805 vinceren-

474 2820 552 2855 tur.

424 2867 473 2906 A.
502 2870 537 2917 1,
566 2869 617 2907 70
639 2867 733 2918 'rapi
761 2866 909 2917 agique
937 2877 1097 2917 agmen.

425 2920 475 2958 A.
503 2921 540 2968 5,
570 2923 590 2959 1
618 2931 719 2970 pace
746 2940 798 2945 —
824 2922 958 2969 pacta.
987 2917 1100 2969 (Sall.
1133 2918 1177 2958 O.
1196 2917 1386 2958 7facinus
1406 2918 1570 2968 facere.)

425 2972 476 3011 H.
508 2974 542 3020 1,
570 2973 620 3010 49
647 2971 774 3010 maior
809 2971 967 3021 privato
1007 2971 1130 3020 visus,
1160 2970 1252 3010 dum
1280 2972 1461 3021 privatus
1495 2970 1571 3010 fuit

477 3026 518 3062 et
547 3022 719 3061 omnium
758 3033 954 3062 consensu
982 3021 1137 3073 imperii
1174 3035 1316 3073 capax,
1345 3023 1421 3062 nisi
1448 3023 1569 3073 impe·

476 3077 623 3113 rasset.

423 3126 473 3166 A.
500 3128 539 3177 4,
567 3127 618 3166 38
646 3124 673 3165 f.
703 3128 933 3175 contemptu
958 3123 1088 3165 famae
1117 3127 1316 3166 contemni
1342 3127 1524 3166 virtutes.

427 3180 478 3217 H.
506 3180 544 3227 2,
572 3179 623 3217 25
652 3177 753 3216 satis
780 3177 860 3215 cito
888 3176 1009 3226 incipi
1036 3177 1245 3216 victoriam
1271 3178 1341 3217 ubi
1372 3178 1575 3228 provisum

478 3229 583 3268 foret
609 3240 660 3267 ne
688 3228 956 3267 vincerentur.

428 3279 479 3319 H.
507 3281 544 3329 2,
571 3281 621 3320 77
649 3278 866 3319 absurdum
893 3278 1013 3318 fuerit
1052 3290 1131 3318 non
1160 3279 1303 3319 cedere
1331 3280 1495 3330 imperio
1524 3281 1575 3327 ei,

483 3331 594 3370 cuius
627 3331 750 3370 filium
785 3331 1052 3380 adoptaturus
1088 3343 1231 3379 essem,
1271 3332 1303 3370 si
1338 3331 1423 3380 ipse
1452 3332 1572 3382 impe-

482 3394 623 3422 rai-em.

1643 2716 1706 2754 38.

1735 1271 1784 1312 A.
1815 1273 1875 1322 12,
1904 1273 1927 1311 7
1954 1272 2053 1313 nihil
2080 1272 2186 1312 domi
2213 1271 2467 1323 impudicum,
2504 1273 2581 1313 nisi
2615 1273 2877 1315 dominationi

1788 1334 1839 1361 ex
1859 1323 2020 1414 ggll-{ffig
2057 1378 2095 1425 4,
2124 1377 2187 1426 52,
2215 1377 2240 1416 3
2267 1375 2318 1415 ob
2353 1374 2395 1415 id
2434 1374 2564 1426 ipsum
2605 1375 2713 1427 quod
2751 1376 2880 1427 ignoti

1790 1430 1938 1476 essent,
1967 1426 2168 1476 ignobiles
2196 1427 2315 1477 esse.)

1632 1481 1696 1519 33.
1735 1478 1888 1517 abnues
1916 1497 1967 1504 —-
1993 1478 2242 1517 adnuissent.

1632 1533 1696 1570 41.
1735 1528 1832 1580 quid
1860 1541 1962 1578 opus
1995 1551 2047 1558 —-
2080 1529 2213 1579 longis
2248 1528 2288 1569 in
2327 1533 2469 1571 senatu
2505 1531 2728 1582 sententiis,
2764 1542 2884 1582 quum

1739 1580 1878 1631 optimi
1905 1580 1985 1619 cito
2014 1580 2278 1620 consentiant.

1738 1633 1816 1680 Ag.
1843 1634 1894 1670 34
1920 1631 1947 1669 f.
1975 1637 2045 1670 aut
2070 1643 2205 1670 moras
2240 1632 2336 1671 belli
2371 1636 2441 1672 aut
2475 1645 2619 1672 causas
2646 1632 2884 1672 rebellandi.

1740 1683 1790 1723 H.
1809 1684 1845 1772 213
1862 1684 1914 1772 6(l)
1940 1694 1991 1722 m.
2009 1682 2194 1722 Vitellius
2223 1682 2394 1723 credidit
2423 1684 2472 1724 de
2498 1683 2666 1735 perfidia
2694 1687 2735 1724 et
2762 1682 2882 1723 fidem

1792 1747 1817 1773 a
1849 1745 1892 1773 so
1910 1734 1981 1774 vit.

1741 1785 1857 1876 H.13,
1886 1788 1934 1825 62
1962 1785 1989 1824 f.
2019 1785 2179 1825 Vitellio
2207 1785 2310 1825 fidus
2344 1789 2385 1825 et
2417 1787 2586 1827 aliorum
2620 1786 2789 1837 perfidia
2825 1787 2880 1825 in-

1809 1840 1998 1876 ustratus.
2280 1839 2286 1845 '

1742 1889 1790 1927 A.
1819 1892 1854 1938 1,
1883 1891 1932 1928 55
1959 1886 2127 1940 perfidia
2155 1888 2195 1927 in
2222 1901 2296 1929 nos
2322 1892 2394 1929 aut
2420 1889 2512 1929 fide.

1742 1940 1792 1979 H.
1810 1943 1910 1989 1,16
1933 1941 2112 1990 cogitare
2141 1940 2238 1990 quid
2264 1945 2334 1979 aut
2362 1943 2538 1981 volueris
2566 1942 2639 1981 sub
2667 1942 2748 1980 alio
2776 1941 2881 1991 prin-

1793 1992 1881 2041 cipe
1908 1996 1978 2031 aut
2005 1992 2192 2031 nolueris.

1742 2043 1792 2082 H.
1821 2046 1856 2093 1,
1884 2044 1935 2083 30
1961 2043 2128 2093 perdere
2155 2045 2230 2083 iste
2258 2043 2371 2094 sciet,
2400 2043 2549 2083 donare
2575 2044 2741 2083 nesciet.

1740 2095 1791 2134 H.
1821 2098 1856 2144 1,
1885 2096 1935 2134 83
1948 2093 1976 2133 ἲ.
1998 2097 2079 2134 tam
2089 2095 2243 2133 nescire
2259 2095 2457 2144 quaedam
2474 2095 2621 2135 milites
2639 2107 2759 2146 quam
2778 2095 2886 2133 scire

1795 2158 1818 2184 o
1850 2150 1968 2185 ortet.

1740 2158 1898 2249 Ag.p30
1923 2197 1951 2237 f.
1979 2197 2152 2237 omnium
2179 2209 2276 2249 opes
2303 2201 2425 2249 atque
2452 2197 2638 2249 inopiam.

1741 2251 1792 2290 H.
1820 2253 1857 2300 2,
1887 2252 1936 2290 66
1964 2251 2004 2289 in
2032 2261 2147 2289 omne
2174 2249 2237 2289 fas
2263 2250 2470 2301 nefasque.

1742 2303 1789 2341 A.
1821 2304 1882 2350 15,
1910 2303 1959 2341 37
1987 2314 2039 2340 ιιι.
2067 2313 2140 2351 per
2165 2301 2277 2340 licita
2303 2305 2425 2361 atque
2452 2302 2619 2340 inlicita.

1741 2354 1789 2392 A.
1818 2356 1855 2403 2,
1884 2355 1935 2392 38
1962 2352 1991 2392 f.
2018 2353 2185 2391 honesta
2212 2356 2335 2402 atque
2362 2352 2585 2392 inhonesta.

1742 2406 1792 2444 H.
1821 2407 1857 2454 3,
1885 2406 1936 2444 38
1963 2404 1990 2443 f.
2018 2404 2235 2442 amicorum
2262 2404 2588 2454 inimicorumque
2614 2405 2843 2454 neglegent.

1717 2472 1719 2474 ’
1742 2457 1793 2496 H.
1822 2458 1858 2507 3,
1888 2458 1938 2496 70
1963 2467 2015 2495 ιιι.
2029 2455 2147 2495 victis
2167 2455 2294 2506 utilia,
2309 2454 2529 2495 victoribus
2545 2458 2698 2496 tantum
2717 2455 2883 2507 pulchra

1797 2520 1898 2547 esse.

1745 2559 1793 2598 A.
1824 2561 1884 2609 13,
1912 2562 1962 2599 49
1991 2558 2177 2598 suaderet
2205 2556 2520 2597 dissuaderetve.

1747 2610 1906 2651 Curtius
1941 2613 1977 2661 7,
2017 2613 2050 2660 1,
2084 2612 2110 2650 4
2145 2609 2215 2650 otii
2260 2609 2358 2649 vitia
2404 2610 2566 2660 negotio
2601 2609 2760 2650 discuti.
2814 2609 2886 2648 cfr.

1797 2663 1997 2701 Muetzell.
2025 2674 2064 2711 p.
2093 2663 2182 2700 600.

1745 2713 1864 2752 horas
1891 2724 2091 2763 perorare.
2143 2711 2167 2751 7
2194 2713 2301 2751 latus
2335 2713 2473 2752 clavus
2505 2711 2667 2753 oblatus
2707 2715 2770 2753 est
2797 2711 2886 2762 (cfr.

1747 2763 1996 2804 Gutmannus
2023 2764 2063 2803 in
2092 2763 2186 2803 edit.
2216 2762 2354 2813 Orell.)

1747 2816 1795 2854 A.
1825 2819 1884 2863 14,
1913 2818 1962 2856 35
1990 2815 2017 2854 f.
2045 2815 2226 2854 viverent
2253 2815 2329 2853 viri
2357 2818 2397 2853 et
2424 2815 2631 2854 servirent.

1746 2866 1823 2917 Ag.
1852 2869 1901 2907 36
1942 2866 2128 2905 cohortes
2167 2889 2219 2894 —
2259 2864 2506 2905 cohortatus.
2558 2866 2607 2905 A.

1800 2919 1884 2957 sine
1912 2918 2027 2957 iustis
2053 2914 2174 2957 armis
2201 2915 2322 2956 misit.

1747 2971 1796 3010 A.
1824 2972 1861 3021 3,
1890 2972 1940 3011 28
1967 2970 2088 3009 armis
2113 2968 2258 3009 amisit.
2311 2968 2359 3008 A.
2389 2971 2450 3020 14,
2477 2971 2529 3010 43
2561 2980 2698 3009 amore
2733 2967 2888 3018 antiqui

1798 3034 1930 3062 moris.

1749 3074 1799 3113 H.
1827 3075 1865 3122 4,
1894 3076 1942 3114 76
1970 3077 2121 3113 terrore
2149 3093 2200 3101 —·
2224 3073 2330 3112 vires
2357 3072 2646 3112 obtererentur.
2702 3071 2753 3109 H.
2772 3073 2809 3120 1,
2837 3071 2887 3109 38

1803 3126 1944 3165 saltem
1972 3124 2011 3164 in
2039 3136 2268 3165 successore
2299 3124 2346 3165 G.
2376 3135 2469 3174 spes
2497 3127 2616 3164 esset.

1751 3177 1801 3215 H.
1829 3180 1865 3226 3,
1893 3179 1943 3216 56
1969 3178 2174 3216 volucrum
2202 3189 2249 3216 su
2278 3175 2521 3216 ervolitavit.

1749 3228 1798 3268 A.
1827 3230 1864 3278 6,
1892 3230 1943 3269 28
1970 3226 2182 3279 (Phoenix)
2210 3240 2234 3266 a
2266 3227 2490 3267 volavisset
2511 3226 2635 3265 multo
2665 3228 2887 3264 ceterarum

1801 3281 2005 3318 volucrum
2036 3280 2239 3318 comitatu.

1750 3331 1798 3370 A.
1825 3334 1862 3380 2,
1891 3332 1941 3370 55
1968 3335 2128 3380 raperet
2155 3330 2195 3369 in
2222 3330 2409 3380 abrupta.
2461 3327 2510 3368 A.
2527 3329 2589 3377 15,
2616 3328 2665 3368 31
2693 3325 2889 3377 perferret

1800 3394 1876 3423 neu
1903 3381 2050 3422 ferrum
2079 3381 2267 3422 traderet.
2577 3421 2584 3428 .

2647 2867 2708 2915 14,
2743 2866 2793 2904 32
2828 2876 2880 2902 ιιι.
