3147 3836
264 273 328 311 25.
366 274 504 311 mutua
530 265 762 316 malignitas
800 277 880 305 non
911 269 973 306 est
1000 268 1202 305 oratorum
1239 263 1393 314 vitium,
1432 262 1506 304 sed

367 321 581 361 hominum.

265 375 328 415 32.
369 373 462 413 olim
502 367 675 411 omnium
709 368 854 408 artium
893 367 1054 407 domina
1085 388 1137 395 —
1168 377 1273 406 nunc
1298 388 1351 395 —
1375 377 1506 418 paene

265 479 327 519 40.

263 2534 285 2547 Ι.

287 2459 325 2547 95³0

368 424 538 464 dixerim
565 422 650 460 sine
677 420 939 471 ingenuitate.

366 478 527 518 alumna
552 471 738 514 licentiae
766 483 870 523 quae
898 469 1011 510 stulti
1036 469 1263 510 libertatem
1290 467 1505 509 vocabant.

366 530 445 578 Ag.
471 527 522 567 45
548 525 576 565 f.
612 523 679 564 ille
710 524 833 564 rubor
870 534 949 573 quo
970 533 1013 561 se
1040 525 1180 562 contra
1205 522 1399 572 pudorem
1423 532 1506 559 mu-

417 578 570 617 niebat.
598 575 665 627 (H.
693 577 731 623 4,
759 576 812 613 40
839 574 980 612 crebra
1008 574 1089 612 oris
1117 573 1297 612 confusio
1324 583 1397 622 pro
1424 583 1505 609 mo-

418 629 548 668 destia
574 623 878 675 accipiebatur.)

366 681 418 722 H.
447 683 483 730 1,
511 680 561 719 65
587 688 667 717 uno
695 687 812 716 amne
840 673 1024 714 discretis
1059 685 1280 713 connexum
1308 672 1454 713 odium.

367 733 418 773 H.
452 733 490 781 2,
525 732 576 770 96
623 738 853 766 successere
889 726 1098 764 Mucianus
1137 729 1178 764 et
1215 725 1428 764 Marcellus
1467 727 1508 763 et

421 781 552 831 magis
579 779 649 819 alii
676 777 856 817 homines
884 787 1003 826 quam
1031 777 1100 815 alii
1126 787 1268 814 mores.

366 834 418 874 Η.
447 834 484 882 2,
511 832 562 870 42
589 829 618 868 f.
658 828 806 867 diutius
835 828 980 865 durant
1007 828 1189 876 exempla
1217 837 1336 876 quam
1363 836 1506 864 mores.

367 886 419 925 H.
450 886 485 933 1,
513 883 564 921 36
591 879 724 919 omnia
753 878 951 918 serviliter
975 890 1048 927 pro
1078 877 1359 916 dominatione.

363 936 417 978 Η.
444 937 482 984 1,
510 934 561 973 88
587 930 615 971 f.
652 930 767 970 multi
799 928 952 969 afflicta
987 928 1066 968 fide
1103 928 1144 966 in
1182 939 1296 978 pace,
1335 927 1507 967 turbatis

419 986 541 1024 rebus
566 984 726 1023 alacres
751 985 794 1020 et
819 993 893 1031 per
918 982 1072 1019 incerta
1098 979 1300 1018 tutissimi.

367 1038 418 1078 H.
455 1039 492 1085 1,
530 1037 581 1075 22
617 1043 744 1084 genus
791 1032 994 1071 hominum
1048 1030 1284 1081 potentibus
1330 1029 1506 1079 infidum,

420 1085 676 1136 sperantibus
702 1083 829 1122 fallax
856 1086 898 1122 et
930 1082 1135 1121 vetabitur
1161 1092 1321 1132 semper
1346 1085 1388 1120 et
1414 1081 1505 1119 reti-

417 1136 590 1177 nebitur.

367 1190 415 1228 A.
442 1190 503 1240 12,
531 1189 581 1227 52
610 1185 660 1226 de
687 1185 981 1225 mathematicis
1007 1184 1128 1224 Italia
1146 1184 1343 1233 pellendis
1355 1183 1505 1237 factum

423 1243 587 1280 senatus
615 1238 838 1277 consultum
866 1241 984 1276 atrox
1011 1240 1053 1276 et
1079 1236 1248 1275 irritum.

364 1303 446 1331 non
473 1293 535 1331 est
562 1292 765 1330 oratorum
791 1289 944 1339 vitium,
974 1287 1045 1327 sed
1072 1287 1286 1327 hominum.

365 1344 416 1383 H.
445 1345 482 1393 4,
512 1344 563 1382 74
588 1353 640 1380 111.
668 1341 768 1379 vitia
796 1344 925 1389 erunt,
954 1340 1080 1378 donec
1106 1340 1299 1378 homines.

369 1393 651 1434 contemnebat
677 1392 811 1441 potius
838 1392 995 1430 litteras
1022 1402 1142 1439 quam
1168 1389 1404 1428 nesciebat..

1601 266 1638 305 8.

1579 369 1640 406 11.

1579 420 1639 457 14.

1578 523 1640 562 16.

1578 625 1640 662 37.

1577 676 1640 713 41.

1681 262 1847 304 divitiae
1874 267 1916 304 et
1942 276 2038 316 opes
2067 278 2167 356 quas
2196 264 2355 307 facilius
2392 260 2573 308 invenies
2614 266 2683 318 qui
2720 267 2820 310 vitu—

1680 319 1796 366 peret
1823 327 1943 366 quam
1971 318 2039 368 qui
2083 318 2260 358 astidiat.

1679 367 1822 406 melius
1848 367 2077 407 innocentia
2103 373 2218 407 tueor
2244 381 2362 420 quam
2388 370 2631 420 eloquentia.

1681 418 1806 457 otium
1833 440 1887 447 —
1911 422 2063 459 mavult
2095 431 2288 459 novorum
2322 419 2523 460 rhetorum
2562 432 2673 460 more
2700 433 2820 472 quam

1681 471 1864 509 veterum
1891 474 2094 511 oratorum
2124 481 2370 512 consumere.

1682 533 1784 572 quas
1811 522 2123 564 intellexerimus
2163 535 2206 564 se
2244 536 2324 563 non
2357 526 2440 563 tam
2478 524 2662 566 omisisse
2701 537 2821 576 quam

1681 572 1799 610 nobis
1826 574 2048 623 reliquisse.

1680 623 1818 670 utilius
1843 645 1896 652 —-
1922 624 1999 662 frui
2026 636 2127 675 pace
2155 637 2274 675 quam
2302 625 2409 664 bello
2436 625 2587 664 vexari.

1681 673 1823 713 melius
1850 686 1930 713 non
1959 676 2071 725 queri
2100 687 2218 726 quam
2245 676 2454 715 vindicari.

1680 725 1750 812 H.f
1761 727 1798 774 3,
1827 728 1876 765 78
1905 730 2109 766 ostentare
2136 729 2269 776 potius
2307 727 2397 767 urbi
2435 728 2582 768 bellum
2617 741 2735 778 quam
2763 730 2818 768 in-

1748 786 1848 814 erre.

1680 825 1731 863 Η.
1760 828 1797 873 3,
1826 829 1889 874 60,
1917 827 1945 864 f.
1983 840 2057 866 nec
2105 826 2432 878 concupiscerent
2476 831 2642 869 Romam
2677 842 2820 879 capere

1732 876 1866 925 potius
1894 890 2011 928 quam
2041 891 2212 919 servare.

1678 927 1794 976 Ag.2
1823 927 1849 966 f.
1869 929 1903 967 si
1930 934 2012 968 tam
2040 931 2079 968 in
2107 935 2243 970 nostra
2270 935 2472 981 potestate
2499 936 2606 972 esset
2633 934 2820 974 oblivisci

1732 991 1852 1027 quam
1879 984 2027 1020 tacere.

1680 1029 1731 1068 H.
1760 1031 1797 1079 3,
1827 1031 1876 1070 63
1903 1031 1930 1070 f.
1972 1032 2005 1071 si
2038 1054 2089 1061 —
2122 1032 2244 1072 ceteri
2289 1045 2367 1072 non
2405 1035 2689 1086 meminissent,
2731 1037 2823 1086 ipse

1733 1080 2048 1121 oblivisceretur.

1679 1129 1728 1169 A.
1757 1132 1794 1181 6,
1825 1134 1874 1171 14
1899 1132 1926 1172 f.
1954 1134 2156 1173 oblivione
2183 1135 2313 1184 magis
2341 1147 2460 1184 quam
2487 1136 2710 1176 clementia.

1679 1182 1731 1220 Η.
1758 1185 1803 1273 21,
1823 1186 1875 1223 46
1891 1197 1952 1244 ’111.
1993 1186 2143 1225 maiore
2163 1187 2294 1225 animo
2314 1187 2475 1225 tolerari
2501 1187 2674 1227 adversa
2700 1200 2821 1238 quam

1731 1245 1775 1273 re
1793 1247 1913 1285 11111111.

1628 1312 1639 1323 .
1679 1285 1714 1323 31
1741 1285 1845 1324 1(10111
1873 1288 2041 1338 adsequi
2068 1300 2147 1326 non
2173 1300 2386 1339 possumus
2413 1311 2463 1318 —
2492 1291 2525 1330 si
2553 1292 2749 1330 nolumus.

1680 1337 1887 1427 Evelfiep
1949 1340 2063 1389 quasi
2107 1341 2303 1390 imperare
2341 1346 2481 1391 posset
2523 1343 2654 1392 magis
2699 1355 2820 1392 quam

560 1574 1294 1667 ADLITTERA
1314 1574 1453 1643 TI
1451 1574 1526 1642 0
1598 1573 1851 1643 OPP
1861 1575 2312 1650 OSITOR
2325 1577 2516 1649 UM.

1310 1731 1357 1784 Α.
1400 1729 1777 1786 SUBSTANTIVA.
1840 1769 1841 1772 η

862 1854 912 1880 ει.

365 1897 615 1937 Praesidium
641 1895 794 1946 amicis,
824 1906 940 1945 opem
967 1893 1109 1933 alienis
1136 1913 1187 1919 —
1213 1891 1330 1931 ferat.

317 1978 325 1988 .
363 1952 567 1998 tamquam
595 1948 636 1986 in
663 1947 791 1986 aciem
819 1946 1002 1985 omnibus
1028 1944 1151 1983 armis
1178 1944 1414 1993 instructu83
1449 1943 1508 1983 sic

363 2000 404 2038 in
431 1999 560 2038 forum
587 1999 770 2038 omnibus
797 1997 952 2036 artibus
978 1999 1170 2034 armatus.

363 2050 441 2099 Ag.
469 2052 494 2089 9
520 2062 594 2088 nec
623 2069 671 2075 —
697 2047 873 2087 facilitas
899 2047 1181 2086 auctoritatem
1207 2048 1278 2084 aut
1312 2044 1509 2084 severitas

416 2112 592 2140 amorem
620 2099 824 2139 deminuit.

365 2153 415 2192 H.
443 2155 482 2201 2,
509 2154 559 2191 56
585 2151 613 2190 f.
642 2151 772 2190 minus
799 2149 995 2189 avaritiae
1023 2149 1063 2187 in
1093 2147 1280 2197 Caecina,
1308 2147 1398 2197 plus
1425 2159 1505 2186 3111-

418 2203 596 2242 bitionis.

365 2253 414 2293 A.
444 2255 505 2302 15,
533 2256 582 2291 21
611 2253 639 2290 f.
666 2255 711 2290 111
744 2272 795 2279 -
829 2251 1000 2289 infracta
1040 2251 1213 2288 avaritia
1254 2252 1330 2298 est,
1363 2249 1422 2287 ita
1455 2269 1507 2276 —

417 2303 584 2343 ambitio
613 2302 834 2343 cohibetur.

366 2354 466 2407 A.6,
482 2357 504 2396 7
518 2367 570 2395 m.
588 2365 719 2406 neque
747 2354 996 2394 discerneres
1022 2353 1176 2393 alienos
1204 2372 1266 2403 -,
1281 2352 1431 2391 amicos
1446 2370 1506 2389 -.

865 2418 894 2444 e

365 2459 427 2496 tot
454 2468 613 2507 causae,
641 2458 703 2495 tot
729 2476 780 2485 —
807 2455 1029 2496 clientelae.

366 2510 437 2547 aut
463 2518 581 2547 cursu
606 2510 929 2558 argumentorum
955 2508 1026 2544 aut
1060 2506 1192 2544 colore
1219 2503 1504 2543 sententiarum

365 2562 436 2598 3111
462 2581 510 2587 -
540 2560 649 2598 cultu
676 2559 998 2608 descriptionum.

368 2609 415 2650 G.
444 2612 492 2649 22
519 2609 632 2649 rixae
658 2621 749 2649 raro
778 2608 981 2658 conviciis,
1016 2607 1176 2658 saepius
1204 2605 1327 2646 caede
1355 2608 1396 2645 et
1421 2605 1504 2645 vul-

418 2661 580 2699 neribus
607 2660 894 2710 transiguntur.

369 2712 420 2748 H.
448 2715 486 2760 2,
514 2715 564 2750 27
590 2710 619 2748 f.
647 2712 780 2760 posito
813 2710 987 2749 hostium
1022 2711 1251 2758 contemptu
1278 2710 1318 2748 et
1344 2719 1505 2757 recupe-

422 2761 539 2801 randi
566 2760 724 2802 decoris
751 2761 949 2812 cupidine.
1346 2811 1348 2813 ,

367 2813 418 2852 Η.
452 2814 489 2863 5,
528 2814 575 2852 12
616 2824 764 2863 magna
798 2813 980 2851 conluvie
1014 2815 1055 2852 et
1091 2814 1312 2850 ceterarum
1352 2810 1509 2850 urbium

421 2863 536 2903 clade
562 2865 684 2904 aucti.

369 2916 419 2955 H.
448 2917 484 2965 1,
511 2916 562 2956 38
595 2913 623 2955 f.
657 2916 790 2956 nullus
831 2914 1096 2956 cunctationis
1135 2915 1248 2955 locus
1291 2917 1353 2954 est
1386 2914 1427 2953 in
1462 2924 1509 2953 eo

423 2965 602 3015 consilio,
623 2966 733 3016 quod
752 2978 832 3007 non
852 2969 988 3017 potest
1004 2966 1162 3007 laudari
1187 2965 1265 3005 nisi
1291 2969 1508 3015 peractum.

370 3019 418 3058 A.
446 3019 484 3068 5,
510 3016 590 3076 fif.
624 3029 704 3056 non
743 3017 1032 3067 crudelitatem,
1067 3029 1146 3056 non
1181 3016 1432 3057 clementiam
1460 3037 1510 3045 —

424 3081 474 3110 ex
500 3079 620 3108 enar.

371 3121 422 3160 A.
448 3081 510 3170 1111„
537 3120 587 3159 35
613 3118 641 3158 f.
669 3119 704 3158 si
732 3119 869 3169 copias
896 3123 1151 3169 armatorum,
1181 3120 1215 3158 si
1243 3130 1386 3158 causas
1414 3119 1510 3158 belli

425 3183 559 3211 secum
586 3169 873 3219 expenderent.

371 3222 419 3262 A.
449 3224 509 3272 14,
537 3223 588 3261 33
613 3220 851 3259 Londinium
877 3241 930 3247 —
957 3223 1224 3268 cognomento
1248 3220 1411 3270 quidem
1447 3231 1509 3259 co-

423 3273 556 3313 loniae
581 3283 660 3311 non
686 3270 859 3321 insigne,
884 3269 955 3310 sed
983 3270 1099 3320 eopia
1140 3292 1182 3298 —
1223 3273 1510 3310 commeatuum

423 3324 595 3364 maxime
622 3323 792 3363 celebre.

1580 2304 1639 2343 19.

1602 2510 1638 2598 2:01-

1681 1894 1732 1934 Η.
1764 1897 1798 1945 1,
1826 1897 1876 1935 48
1904 1895 2010 1934 fama
2046 1896 2209 1934 meliore
2245 1907 2364 1945 quam
2399 1895 2572 1936 fortuna.
2624 1897 2674 1936 H.
2703 1901 2740 1948 4,
2768 1901 2817 1938 2³

1733 1958 1784 1985 m.
1813 1947 1976 1985 meliore
2003 1948 2065 1985 usi
2093 1948 2170 1985 fide
2199 1959 2318 1995 quam
2345 1946 2516 1986 fortuna.

1681 1997 1732 2036 H.
1764 2000 1798 2046 1,
1826 1999 1878 2036 30
1904 1997 1931 2035 f.
1960 1998 2126 2046 proinde
2153 2010 2177 2036 a
2205 1997 2322 2036 nobis
2356 1997 2583 2038 donativum
2618 2000 2669 2040 ob
2699 2001 2824 2042 fidem

1735 2059 1853 2097 quam
1881 2049 1933 2086 ab
1961 2049 2052 2087 aliis
2079 2061 2150 2098 pro
2178 2046 2355 2087 facinore
2381 2048 2599 2098 accipietis.

1682 2099 1731 2138 A.
1758 2101 1796 2149 2,
1826 2101 1876 2138 65
1903 2101 2006 2138 31101·
2033 2099 2239 2148 facilitate,
2267 2100 2370 2138 alter
2396 2099 2549 2138 fraude.

1680 2150 1731 2190 A.
1761 2152 1828 2200 16„
1850 2153 1873 2190 2
1901 2150 1928 2189 f.
1959 2163 2109 2190 summa
2144 2150 2329 2190 facundia
2357 2171 2405 2178 —
2432 2150 2652 2202 fingebant,
2690 2156 2820 2193 securi

1733 2202 1783 2241 de
1810 2201 2003 2241 facilitate
2031 2203 2240 2240 credentis.

1680 2314 1758 2342 11011
1786 2301 2013 2342 infirmitate
2048 2301 2195 2352 ingenii
2229 2312 2303 2342 nec
2330 2301 2491 2343 inscitia
2519 2302 2744 2345 litterarum
2772 2327 2821 2333 —

1681 2354 1753 2393 sed
1781 2355 1926 2393 iudicio
1955 2359 1994 2392 et
2022 2355 2236 2392 intellectu.

1678 2406 1727 2443 A.
1743 2408 1803 2454 12,
1825 2408 1849 2444 2
1872 2407 1934 2443 cui
1955 2418 2033 2444 non
2054 2406 2254 2455 iudicium,
2277 2417 2363 2445 11011,
2376 2405 2511 2446 0(1111111
2535 2411 2635 2456 erat,
2657 2408 2736 2448 nisi
2764 2408 2818 2447 in-

1697 2497 1700 2499 ,
1730 2455 1815 2496 (1113
1843 2459 1883 2495 01
1909 2456 2036 2496 iussa.

1629 2534 1639 2545 .
1678 2510 1748 2546 aut
1775 2507 1825 2545 de
1852 2508 2023 2556 ingeniis
2051 2529 2101 2534 —
2128 2511 2200 2546 aut
2225 2507 2276 2545 de
2303 2508 2473 2546 iudiciis.

1678 2557 1838 2607 ingenio
1860 2562 1900 2597 et
1919 2559 1960 2596 vi
1986 2563 2153 2597 naturae
2182 2571 2302 2607 quam
2329 2558 2579 2598 institutione
2601 2563 2641 2598 et
2661 2560 2825 2600 litteris.

1679 2609 1730 2648 H.
1759 2610 1796 2660 5,
1825 2612 1850 2649 4
1877 2609 1967 2649 dein
1996 2609 2228 2649 blandiente
2255 2609 2399 2650 inertia
2425 2610 2632 2661 septimum
2662 2622 2821 2661 quoque

1732 2672 1879 2698 annum
1906 2662 2093 2709 ignaviae
2122 2661 2271 2698 datum.

1679 2710 1758 2760 Ag.
1787 2713 1811 2752 3
1840 2711 1947 2751 subit
1975 2712 2123 2761 quippe
2151 2711 2271 2750 etiam
2298 2710 2422 2760 ipsius
2455 2710 2622 2751 inertiae
2650 2710 2822 2752 dulcedo

1734 2765 1774 2802 et
1800 2762 1930 2802 invisa
1957 2763 2083 2813 primo
2112 2762 2279 2812 desidia,
2305 2766 2505 2811 postremo
2532 2766 2703 2801 amatur.

1681 2814 1773 2862 Η.1,
1783 2816 1831 2852 72
1839 2814 1865 2851 f.
1875 2814 1983 2852 nulla
1991 2814 2240 2851 innocentiae
2249 2824 2355 2860 cura,
2364 2812 2435 2850 sed
2443 2813 2553 2851 vices
2560 2813 2831 2863 impunitatis-

1683 2863 1732 2905 A.
1760 2867 1798 2915 3,
1832 2867 1879 2905 12
1919 2877 1969 2904 111.
2004 2867 2146 2905 cuncta
2187 2862 2363 2913 proferat
2405 2863 2551 2914 quibus
2595 2864 2823 2906 innocentia

1736 2917 1822 2956 eius
1858 2917 2058 2955 sublevari
2098 2919 2169 2955 aut
2205 2914 2320 2967 siqua
2353 2915 2546 2966 iniquitas
2582 2916 2822 2966 Germanici,

1737 2969 1902 3018 coargui
1928 2969 2068 3017 possit.

1685 3068 1846 3107 alumna
1866 3067 2064 3116 licentiae,
2081 3079 2200 3117 quam
2225 3065 2338 3105 stulti
2363 3066 2588 3106 libertatem
2607 3067 2822 3106 vocabant.

1685 3119 1734 3158 Gt.
1762 3122 1812 3160 25
1839 3120 2010 3168 impares
2036 3117 2214 3159 libertini
2239 3117 2439 3157 libertatis
2464 3120 2753 3166 argumentum.

1684 3171 1735 3209 H.
1763 3173 1801 3221 2,
1832 3173 1880 3210 10
1906 3171 1947 3208 111
1975 3170 2138 3208 civitate
2166 3190 2216 3195 —
2242 3168 2346 3208 inter
2371 3168 2594 3207 libertatem
2621 3179 2671 3208 ac
2697 3169 2819 3209 licen-

1735 3222 1835 3260 tiam
1861 3222 2025 3259 incerta.

1686 3271 1734 3310 A.
1762 3274 1805 3322 4,
1829 3274 1878 3311 35
1912 3267 2187 3321 (Graecorum)
2227 3279 2305 3306 non
2342 3267 2458 3306 modo
2491 3267 2675 3318 libertas,
2701 3271 2823 3309 etiam

1738 3323 1864 3364 libido
1891 3322 2095 3371 impunita.

1687 3374 1735 3413 A.
1748 3376 1807 3423 14,
1821 3376 1869 3413 21
1886 3373 2062 3411 laetitiae
2080 3370 2207 3419 magis
2223 3380 2342 3419 quam
2361 3369 2555 3409 lasciviae
2571 3371 2658 3411 dari
2670 3378 2829 3412 noctes.
