3147 3774
259 1138 318 1174 12.
359 1134 400 1173 in
417 1135 519 1223 ῒ10011
557 1155 608 1161 -
650 1131 905 1183 sedibusque.
958 1133 1009 1172 H.
1037 1135 1075 1183 2,
1104 1135 1151 1172 12
1185 1133 1274 1172 loca
1310 1133 1505 1182 sedesque
1581 1184 1631 1218 08

259 1240 323 1276 23.
361 1197 595 1284 {infigi-tas
623 1238 663 1273 ct
691 1234 854 1273 invidia.
913 1233 989 1273 Cic.
1016 1234 1287 1273 malevolentia
1316 1239 1350 1271 et
1376 1233 1452 1270 inv.
1580 1208 1644 1271 28.

288 1290 323 1326 1.
363 1285 552 1325 memoria
579 1295 627 1323 ac
656 1285 949 1324 recordatione.
1008 1285 1086 1323 Cic.
1114 1298 1148 1323 r.
1177 1291 1212 1323 et
1235 1298 1310 1331 m.;
1335 1297 1383 1321 m.
1413 1290 1448 1322 et
1474 1296 1507 1320 r.

272 1903 331 1939 11.

274 2773 336 2809 20.

273 2925 338 2963 37.

274 2976 337 3013 10.

299 3027 336 3063 6.

274 3284 338 3321 40.

315 1624 324 1634 .
365 1593 507 1634 modus
535 1596 576 1633 et
602 1596 973 1645 temperamentum.
1027 1595 1078 1634 H.
1098 1598 1133 1645 1,
1162 1596 1213 1634 83
1240 1595 1517 1645 postulaturus

1397 133 1688 176 ...16-

358 277 451 316 spes
478 263 552 304 sui.
580 264 681 301 Plin.
708 262 757 299 E.
785 263 822 310 6,
851 263 897 299 11
926 261 1060 299 audivi
1085 274 1135 299 ea:
1163 261 1318 299 dicei-so
1346 266 1499 311 aqentea
1597 263 1633 300 5.

356 330 525 356 summae
550 315 643 365 spei,
670 326 839 351 mammae
866 311 1007 350 indolis
1033 311 1189 351 iuvenes
1216 313 1325 351 duos.

357 367 574 408 industriae
601 376 648 403 ac
675 363 839 403 laboris.
899 359 978 402 Cic.
1008 365 1032 402 l.
1062 370 1097 402 et
1124 364 1148 401 i.

360 419 559 468 ingenium
586 428 634 454 ae
663 415 851 454 studium.
905 415 983 464 Ag.
1012 418 1036 455 3
1070 415 1232 465 ingenia
1273 414 1498 463 studiaque.
1598 417 1635 454 5.

363 470 438 509 Cic.
465 482 541 520 inq.
568 466 819 517 studiumque.
876 466 1006 509 Quint.
1034 472 1080 505 st.
1109 467 1382 517 ingeniumque.

359 521 516 569 ingenio
545 522 585 556 et
612 518 654 555 vi
681 523 861 556 naturae.
916 520 964 556 37
992 517 1154 566 ingenio
1182 522 1223 555 et
1257 516 1498 565 eloquentia.
1572 519 1635 554 40.

355 571 514 619 ingenio
543 573 584 608 et
611 569 803 607 oratione.
848 568 925 607 Cic.
943 569 1001 607 vis
1027 574 1191 607 naturae
1218 575 1334 618 atque
1347 567 1501 618 inqcnii.

358 621 488 664 Quivit.
516 621 592 672 inq.
621 627 656 660 et
669 619 878 668 facundia.
1573 620 1636 659 38.

354 672 468 712 initia
496 676 537 712 et
565 672 730 711 semina.
788 671 866 709 Cic.
893 671 918 708 i.
947 678 982 710 et
1009 679 1195 722 tanquam
1221 684 1253 709 s.

355 724 503 763 invidis
531 727 572 763 et
598 723 781 761 inimicis.
830 722 908 761 Cic.
935 724 1038 761 inim.
1066 729 1180 773 atque
1207 723 1284 760 inv.
1318 722 1367 761 A.
1388 726 1422 770 1,
1451 724 1501 760 55

357 770 499 834 gener}
522 775 688 833 invisus,
716 773 865 812 inimici
893 775 1033 813 soceri.

353 825 506 865 invidia
533 829 604 864 aut
631 836 792 863 crimen.
834 825 884 863 H.
906 827 942 875 3,
963 828 1012 865 75
1039 824 1233 864 invidiam
1261 825 1502 874 crimenque.

355 878 440 916 iure
467 881 537 917 aut
564 876 737 926 legibus.
797 875 875 914 Cic.
905 877 987 916 iure
1015 878 1120 916 civili
1146 884 1182 916 ct
1209 878 1364 930 leyibus.

354 928 470 968 labor
505 932 546 968 et
572 949 625 956 -—
651 927 874 966 meditatio.
930 932 978 968 16
1007 941 1101 968 eura
1130 932 1170 968 et
1197 929 1420 968 meditatio.
1454 927 1504 966 A.

353 982 391 1029 4,
415 983 462 1020 61
481 979 760 1024 meditatioet
787 979 923 1030 labor,
958 1000 1010 1005 ——
1044 981 1195 1031 impetu
1228 980 1358 1029 magis
1386 990 1505 1027 quam
1579 983 1639 1016 10.

358 1043 453 1077 cura
488 1031 619 1080 viguit
660 1027 844 1080 (orator).
896 1031 1010 1077 A.f3‚
1054 1034 1102 1071 12
1135 1030 1163 1070 f.
1203 1032 1431 1081 eloquentia
1465 1031 1506 1067 et

359 1095 468 1122 cura.
509 1083 587 1130 Ag.
612 1084 662 1122 10
687 1082 729 1121 in
758 1083 1097 1132 comparationem
1133 1094 1252 1122 curae
1291 1082 1503 1131 ingeniive.

365 1335 435 1376 cfr.
464 1337 577 1375 Lael.
607 1335 669 1374 ed.
699 1336 884 1385 Seyffert.
912 1338 1002 1376 558.

364 1392 513 1427 metum
540 1391 581 1426 et
607 1390 813 1426 terrorem.
867 1387 943 1436 Ag.
973 1389 1021 1427 32
1049 1390 1180 1427 metus
1208 1391 1248 1427 et
1275 1390 1416 1426 terror.
1456 1386 1506 1425 A.

366 1441 428 1489 13,
455 1440 503 1478 14
529 1440 723 1478 terrorem
751 1441 791 1479 et
818 1438 960 1478 minas.

363 1491 560 1530 modestia
587 1502 636 1529 ac
671 1491 838 1541 pudore.
893 1491 942 1528 A.
971 1493 1008 1540 3,
1037 1492 1088 1529 26
1123 1502 1196 1541 pro
1231 1491 1431 1530 modestia
1464 1502 1510 1527 ae
1585 1494 1594 1508 ⁶

367 1542 534 1593 pudore.
592 1542 669 1581 Cic.
692 1558 737 1593 p.
765 1558 812 1583 ac
839 1558 888 1581 m.

366 1658 391 1684 a
431 1645 550 1683 vobis
598 1648 953 1695 temperamentum
992 1652 1150 1686 vestrae
1189 1640 1437 1685 fortitudinis
1475 1650 1515 1684 et

368 1708 467 1745 erga
494 1707 557 1734 me
585 1696 745 1734 modum
774 1697 967 1735 caritatis.
1006 1697 1082 1735 Cic.
1111 1711 1158 1734 m.
1188 1704 1224 1735 et
1249 1698 1514 1746 temperantia.
1587 1697 1650 1734 28.

371 1747 460 1786 Liv.
495 1746 681 1786 modestia
717 1753 753 1786 et
792 1753 1140 1798 temperamentum.
1193 1747 1294 1788 Hor.
1314 1747 1398 1786 Sat.
1427 1750 1460 1797 1,
1479 1750 1514 1795 1,
1589 1748 1649 1785 13.

377 1801 451 1837 106
486 1804 541 1836 est
574 1800 710 1836 modus
743 1817 795 1824 —-
827 1805 915 1837 sunt
949 1801 1179 1851 certisime.
1232 1800 1294 1835 Pl.
1322 1800 1371 1834 E.
1400 1802 1436 1847 7,
1464 1801 1515 1836 24
1586 1800 1648 1834 24.

372 1849 498 1889 omnia
524 1850 638 1888 modo
666 1856 840 1889 comtmzt
865 1857 1043 1901 certoque
1069 1855 1378 1900 temperamento.
1405 1867 1409 1870 ·

370 1910 531 1938 nemora
567 1921 619 1926 —
653 1903 694 1939 et
727 1901 806 1939 luci
840 1904 882 1940 et
909 1905 1106 1941 secretum
1134 1902 1277 1950 ipsum.
1331 1903 1355 1939 9
1382 1901 1423 1938 in
1450 1912 1515 1939 nc-

371 1963 483 1988 mora
511 1954 553 1988 et
578 1952 704 1989 lucos.
749 1952 796 1991 G.
817 1955 841 1991 9
857 1952 884 1990 f.
906 1954 1018 1991 lucos
1044 1965 1093 1990 ac
1120 1963 1283 1990 nemora
1311 1972 1361 1979 -
1389 1964 1515 1990 scere·
1588 1953 1649 1988 22.

371 2005 455 2041 tum
482 2000 596 2041 illud.
627 2000 705 2052 Ag.
734 2004 782 2042 31
811 2001 839 2042 f.
865 2002 1140 2054 longinquitas
1168 2004 1209 2041 et
1236 2004 1432 2043 secretum
1459 2001 1515 2053 ip·
1589 2003 1650 2092 2133.

373 2065 473 2094 sum.
514 2052 563 2094 G.
592 2055 643 2093 45
668 2065 831 2093 nemora
859 2055 1049 2105 lucosque
1076 2075 1128 2082 —
1156 2055 1322 2094 secretis
1348 2054 1396 2092 A.
1415 2058 1451 2104 3,
1467 2058 1515 2094 61

373 2106 507 2144 lucum
534 2127 586 2133 —
612 2117 764 2144 nemus.
821 2106 870 2146 G.
900 2110 950 2146 10
976 2107 1103 2146 isdem
1129 2107 1358 2145 nemoribus
1386 2118 1433 2144 ac
1462 2108 1517 2144 lu-

374 2155 445 2194 cis.
478 2156 632 2195 Tacitus
659 2156 697 2194 in
724 2157 788 2195 l’c.
817 2158 866 2194 E.
894 2160 930 2207 9,
956 2160 1005 2197 10
1030 2158 1129 2197 inter
1154 2171 1313 2196 nemora
1340 2163 1375 2195 ct
1403 2159 1518 2195 lucos.

386 2207 495 2258 Ver-9.
521 2207 610 2245 Ecl.
638 2209 675 2256 8,
708 2209 759 2246 86
797 2222 873 2258 per
908 2222 1069 2247 nemora
1104 2216 1219 2259 atque
1260 2210 1361 2247 altos
1386 2222 1521 2246 saeros

375 2258 562 2298 maiman
592 2260 709 2298 lucos.
764 2259 888 2311 Prop.
915 2262 954 2311 4,
983 2262 1019 2311 9,
1049 2262 1101 2300 24
1133 2262 1240 2300 lucus
1267 2260 1315 2298 ab
1343 2260 1522 2298 umbroso

373 2311 523 2351 fecerat
551 2311 642 2348 orbe
668 2324 810 2349 nemus.
869 2311 945 2349 Cic.
973 2326 1132 2350 nemora
1159 2319 1195 2350 et
1220 2313 1355 2349 silvae.
1411 2312 1522 2349 Ociti.

377 2375 507 2399 nemus
547 2368 771 2410 secretaque
813 2363 927 2400 sili-a.
989 2363 1137 2402 Seneca
1174 2363 1324 2413 Traqic.
1357 2363 1524 2400 nemoris

380 2412 486 2452 sacri
498 2413 616 2452 lucos.
640 2411 843 2463 Claudian.
861 2413 988 2454 silvae
1004 2413 1156 2454 silentia
1172 2415 1363 2465 lucosque.
1383 2413 1522 2465 Pomp.

376 2464 485 2501 Mela
506 2466 544 2514 3,
572 2466 596 2501 5
621 2465 929 2519 (Hyperborea)
958 2466 1132 2503 habitant
1164 2468 1269 2503 lucos
1305 2467 1525 2514 silvasqne5

378 2514 628 2564 (Britannia)
645 2517 735 2562 sert
761 2530 920 2554 nemora
946 2518 1154 2567 saltusque.
1205 2511 1334 2571 Cispius
1361 2517 1456 2563 thf·
1487 2518 1524 2564 7,

382 2567 478 2612 23f.
495 2579 654 2604 nemora
681 2579 832 2616 quoque
861 2570 1039 2619 lucosque
1066 2581 1213 2606 sacros.
1242 2580 1292 2607 ex
1317 2567 1418 2606 coni.
1432 2567 1523 2605 Aci-

377 2616 488 2654 dalii.
523 2615 594 2654 cfr.
632 2618 819 2656 Muetzell
858 2631 897 2667 p.
930 2621 1018 2669 672,
1060 2619 1204 2668 Zumpt
1238 2632 1277 2669 p.
1312 2620 1401 2657 320.
1458 2619 1521 2655 Pl.

331 2672 343 2677 ²
378 2668 429 2704 N.
457 2669 512 2706 H.
535 2669 574 2716 4,
603 2670 654 2707 26
688 2669 992 2719 (Hyperboreis)
1032 2672 1166 2708 dmnus
1204 2670 1250 2708 ite
1283 2683 1440 2707 nemora
1470 2671 1524 2707 lu-

379 2733 412 2757 ci
442 2733 499 2759 ue.

376 2734 505 2810 11ἰῖ010
534 2775 575 2810 et
603 2773 714 2811 cultu
743 2772 1068 2822 descriptionum.
1107 2775 1158 2812 23
1178 2773 1346 2812 nitorem
1374 2776 1414 2812 et
1443 2773 1522 2812 cul-

378 2826 462 2860 tum
496 2825 721 2862 verborum.
781 2826 910 2867 Quint.
937 2828 1041 2863 nitor
1069 2832 1104 2863 et
1138 2838 1193 2871 c.,·
1227 2838 1258 2861 c.
1287 2839 1333 2863 ac
1362 2839 1397 2862 n.

382 2884 525 2912 numen
554 2878 593 2914 et
622 2876 810 2915 caelestis
837 2876 913 2915 vis.
971 2876 1049 2916 Cic.
1079 2890 1110 2915 c.
1139 2889 1175 2914 r.
1205 2882 1240 2914 et
1266 2890 1302 2914 n.
1623 2874 1660 2912 6.

380 2936 525 2973 opera-e
554 2938 765 2976 cui-acque.
825 2927 902 2966 Cic.
933 2942 997 2977 op.
1026 2941 1228 2977 curaeque.

380 2975 517 3025 opinio
546 2980 586 3015 et
613 2977 732 3016 sama.
790 2978 867 3017 Cic.

377 3027 601 3077 ingentium
628 3040 746 3078 opum
773 3041 822 3069 ae
857 3042 1028 3081 magnae
1056 3030 1275 3080 potentiae.
1329 3031 1379 3069 H.
1407 3032 1445 3080 4,
1472 3031 1524 3068 44

376 3083 658 3119 accusatorum
685 3080 847 3129 ingenia
875 3085 916 3120 et
943 3094 1041 3131 opes
1068 3084 1108 3119 et
1125 3081 1308 3131 potentia
1330 3082 1522 3119 timeban-

378 3133 455 3168 tur.
509 3131 561 3170 H.
590 3133 628 3182 2,
659 3135 710 3171 10
737 3132 880 3171 Vibius
913 3132 1077 3182 Crispus
1109 3132 1294 3181 pecnnia,
1330 3132 1525 3182 potentia,

377 3181 539 3230 ingenio
555 3182 661 3223 inter
679 3184 809 3223 claros
838 3184 968 3234 magis
987 3196 1106 3234 quam
1135 3183 1240 3223 inter
1268 3183 1406 3223 bonos.
1448 3183 1526 3222 Cic.

382 3246 416 3270 o.
444 3240 480 3271 et
499 3242 585 3284 pot.
639 3233 711 3274 cfr.
738 3235 852 3274 Lael.
883 3235 945 3275 ed.
976 3236 1150 3285 Seyffert
1178 3237 1266 3275 138.

381 3284 421 3322 in
447 3283 533 3322 soro
560 3299 641 3335 pax
667 3307 720 3316 —·
746 3286 786 3324 in
815 3292 956 3326 senatu
993 3285 1221 3327 eoncordia.
1276 3286 1326 3325 H.
1354 3288 1390 3335 2,
1420 3289 1471 3326 20
1498 3286 1524 3324 s.

380 3346 463 3385 pax
491 3338 531 3374 et
559 3338 783 3376 concordia.
838 3339 888 3377 H.
918 3341 954 3389 3,
989 3341 1041 3378 80
1079 3337 1334 3377 concordiam
1369 3349 1524 3387 pacem-

380 3399 458 3437 que
488 3389 715 3428 suaderent.

1587 1594 1648 1632 12.

1592 2157 1655 2194 23.

1595 2257 1658 2296 37.

883 2979 925 3025 f.
954 2986 991 3018 et
1020 2993 1055 3018 o.
1630 2991 1660 3016 t.

1675 260 1858 310 perfugio
1887 261 1955 311 (al.
1984 260 2202 310 praesidio)
2230 266 2270 301 et
2299 263 2461 302 tutelae.
2503 261 2579 301 Cic.
2599 269 2819 314 actm-aes.

1674 313 1723 351 A.
1752 314 1789 361 3,
1818 313 1867 351 61
1895 311 2119 362 perfugium
2144 311 2389 354 inviolabile.
2445 314 2493 355 G.
2518 316 2569 354 45
2595 325 2668 364 pro
2696 314 2820 354 armis

1676 363 1928 413 omniumque
1956 364 2083 403 tutela
2111 374 2293 402 securum
2319 384 2368 392 —
2390 368 2582 415 praestat.

1674 414 1855 464 potentia
1888 427 1937 453 ac
1976 418 2190 465 potestate.
2243 415 2498 456 Pseudo-Cic.
2532 432 2577 468 p.
2613 419 2713 457 dom.
2746 432 2821 468 po-

1676 467 1795 504 tentia
1822 463 2103 523 maqistratffs
2119 487 2159 493 —
2189 467 2332 517 populi
2356 468 2408 505 R.
2433 475 2618 518 potestas.

1678 517 1880 566 probitate
1910 521 1950 555 ct
1976 518 2188 556 modestia.
2228 521 2280 557 29
2306 529 2435 567 neque
2461 520 2664 568 probitate
2690 532 2819 569 neque

1676 567 1887 607 modestia.
1942 566 1989 608 G.
2018 570 2068 608 36
2095 567 2291 608 modestia
2317 581 2366 608 ac
2393 569 2588 618 probitas.

1674 619 1796 669 longa
1823 640 1873 648 —-
1930 618 2016 660 uies
2043 622 2084 659 et
2112 619 2341 667 continuum
2368 641 2418 648 —-
2447 620 2571 661 otium
2591 625 2632 662 et
2651 621 2820 662 adsidua

1677 671 1918 721 —tranquil
1936 672 2026 711 itas.
2045 671 2130 722 Ag.
2146 671 2170 709 6
2197 672 2224 710 f.
2252 675 2301 711 21
2331 672 2455 722 quieti
2482 675 2524 711 et
2551 673 2646 712 otio.
2673 673 2751 723 Ag.
2772 676 2821 712 42

1679 723 1852 772 quictem
1893 726 1932 761 et
1969 722 2103 761 otium.
2158 723 2208 761 A.
2235 725 2288 762 40
2324 724 2657 773 tranquillitatem
2698 729 2818 774 atquc

1679 774 1816 812 otium.
1871 774 1919 814 G.
1947 776 2011 813 40.
2039 774 2088 812 H.
2116 775 2153 823 4,
2184 778 2204 812 1
2232 773 2260 811 f.
2294 786 2376 824 pax
2416 778 2458 813 et
2495 775 2622 826 quies.
2678 775 2726 814 G.
2759 777 2819 813 14.

1679 825 1729 863 11.
1758 827 1796 874 2,
1824 827 1873 864 97
1900 837 2000 874 pace
2028 828 2068 864 et
2095 825 2189 863 otio.
2243 825 2292 863 H.
2321 827 2358 874 2,
2382 828 2406 865 6
2433 826 2554 875 longa
2581 836 2682 875 pace
2710 826 2818 875 quie-

1678 880 1756 915 tus.
1809 875 1860 915 H.
1887 879 1926 927 2,
1955 878 2003 916 17
2030 877 2151 925 longa
2178 889 2271 926 pax.
2324 877 2373 915 A.
2390 879 2450 927 11,
2478 879 2529 917 24
2555 889 2607 916 111.
2635 880 2731 916 tunc
2760 888 2820 916 so-

1679 927 1761 966 lida
1791 927 1897 967 domi
1925 928 2039 979 quies
2068 951 2115 958 —
2143 928 2329 968 continua
2356 927 2449 967 inde
2476 940 2525 967 ac
2552 928 2634 968 fida
2661 940 2754 978 pax.
2851 974 2855 978 ,

1679 979 1802 1016 robur
1828 983 1867 1016 et
1895 980 2014 1016 vires.
2067 981 2118 1020 Η.
2148 983 2183 1028 1,
2212 982 2260 1019 87
2277 992 2327 1017 111.
2356 980 2462 1018 vires
2489 984 2529 1017 ct
2556 981 2680 1017 robur
2707 991 2823 1017 excr-

1681 1029 1797 1078 citns,
1850 1030 1900 1068 H.
1929 1033 1966 1080 2,
1996 1033 2042 1070 11
2072 1042 2123 1070 111.
2151 1030 2243 1080 plus
2267 1029 2412 1070 virium
2444 1044 2492 1071 ac
2519 1030 2687 1070 roboris.
2741 1029 2822 1080 Ag.

1681 1084 1705 1120 3
1732 1080 1817 1120 voti
1844 1080 2029 1121 fiduciam
2061 1094 2110 1121 ac
2148 1082 2282 1121 robur.
2336 1082 2385 1121 H.
2416 1086 2451 1132 1,
2480 1085 2527 1123 61
2555 1083 2697 1132 ingens
2724 1082 2816 1120 viri-

1682 1131 1757 1169 bus
1785 1131 2021 1182 opibusque.
2073 1133 2125 1171 H.
2148 1135 2185 1183 4,
2214 1135 2264 1173 86
2292 1143 2391 1183 opes
2418 1135 2617 1183 viresque.

1687 1182 1901 1220 sanctitate
1928 1195 1976 1221 ac
2005 1184 2258 1222 verecundia.
2316 1184 2393 1222 Cic.
2416 1187 2549 1233 pudor
2576 1199 2623 1223 ac
2651 1198 2686 1222 r.

1683 1231 1899 1271 severitate
1934 1244 1984 1271 ac
2019 1233 2244 1284 disciplina.
2298 1236 2349 1274 29
2391 1235 2606 1274 severitate
2653 1234 2825 1284 discipli-

1682 1294 1772 1320 nae.
1841 1283 1889 1322 G.
1926 1285 1977 1322 25
2032 1285 2243 1334 disciplina
2297 1290 2336 1323 et
2391 1287 2620 1324 severitate.
2685 1286 2733 1324 G.
2775 1289 2824 1324 32

1683 1334 1881 1383 equestris
1921 1335 2157 1384 disciplinae
2197 1339 2297 1374 arte.
2359 1338 2409 1374 H.
2448 1341 2484 1387 1,
2521 1341 2569 1375 51
2609 1337 2824 1375 severitate

1684 1385 1933 1435 disciplinae.
1984 1386 2034 1425 A.
2056 1389 2115 1438 13,
2143 1390 2168 1427 2
2197 1387 2412 1428 severitate
2438 1400 2602 1428 morum.
2655 1388 2704 1427 A.
2720 1389 2757 1437 6,
2778 1389 2827 1427 15

1687 1447 1826 1476 severa
1854 1437 1982 1488 patris
2010 1437 2220 1489 disciplina
2249 1438 2428 1479 eductus.

1688 1489 1823 1541 iudicii
1850 1501 1899 1527 ac
1916 1491 2135 1529 voluntatis
2157 1491 2455 1530 similitudinem
2478 1496 2518 1530 et
2537 1491 2828 1541 cognationem.

1693 1541 1770 1579 Cic.
1785 1542 1963 1588 formam
1995 1542 2202 1582 honestatis
2229 1549 2265 1583 et
2289 1557 2344 1590 e.;
2381 1544 2478 1583 artis
2505 1544 2631 1595 imaqo
2659 1549 2696 1582 et
2721 1556 2830 1594 coqn.

1690 1592 1792 1630 inter
1820 1593 1959 1631 sordes
1986 1605 2034 1632 ac
2061 1595 2260 1634 lacrimas.
2318 1596 2396 1632 Cic.
2423 1596 2549 1634 iacere
2585 1595 2624 1633 in
2658 1594 2828 1632 lacrimis

1692 1651 1728 1681 et
1753 1645 1951 1691 sordibus;
1976 1647 2221 1694 quotidianae
2252 1650 2278 1684 l.
2303 1649 2512 1697 sordesque
2540 1648 2728 1698 luyubres.

1691 1694 1823 1733 studia
1852 1707 2060 1745 curasque.
2117 1696 2193 1735 Cic.
2221 1704 2267 1736 st.
2296 1711 2328 1735 c.
2356 1712 2440 1747 que.

1690 1745 2028 1785 sollicitudinibus
2041 1750 2082 1786 et
2095 1748 2212 1787 curis.
2231 1748 2320 1795 Cic„
2330 1748 2433 1787 I'lin.
2446 1761 2541 1788 cura
2556 1754 2592 1787 et
2602 1748 2832 1787 sollicitudo.

1688 1808 1768 1845 quo
1802 1800 1991 1846 torrente,
2026 1810 2105 1847 quo
2139 1800 2302 1849 impetu.
2359 1800 2437 1837 Cic.
2452 1803 2589 1847 fertur
2616 1800 2730 1849 quasi
2755 1806 2834 1835 tor-

1689 1861 1780 1885 rens
1814 1849 1953 1886 oratio.
2007 1850 2110 1887 Ptin.
2151 1854 2188 1901 1,
2224 1854 2272 1890 16
2305 1865 2388 1890 cum
2423 1852 2563 1902 impetu
2596 1852 2764 1902 quodam
2798 1856 2832 1888 et

1678 1899 1839 1949 ⁸flumine
1865 1898 1938 1948 (al.
1953 1900 2140 1950 fulmine)
2162 1903 2464 1951 praecelluntur.

1690 1961 1763 1987 usn
1791 1952 1831 1987 et
1858 1950 2154 1998 experimentis.
2187 1953 2264 1992 Cic.
2279 1968 2315 1990 u.
2333 1951 2834 2002 exercitatioque-farensis.

1691 1999 1862 2039 oratoris
1889 1999 1952 2040 vis
1979 2002 2019 2040 et
2046 2000 2231 2042 facultas.
2289 2003 2366 2043 Cic.
2395 2009 2495 2044 orat.
2512 2017 2548 2042 v.
2565 2004 2675 2051 ets.‚·
2703 2002 2834 2046 Quint.

1691 2052 1753 2090 vis
1786 2063 1834 2090 ac
1861 2055 2056 2102 potestas.
2110 2055 2162 2092 Η.
2190 2057 2228 2105 2,
2256 2057 2318 2095 39.
2346 2055 2397 2094 Η.
2416 2058 2454 2106 3,
2481 2058 2526 2094 11
2555 2055 2583 2093 f.
2600 2055 2663 2093 vis
2689 2066 2738 2092 ac
2766 2065 2835 2103 po-

1692 2107 1832 2141 testas.
1886 2104 1934 2143 G.
1963 2106 2012 2143 42
2040 2104 2102 2144 vis
2130 2109 2171 2144 et
2197 2107 2391 2155 potentia.

1694 2155 1775 2192 vim
1803 2158 1843 2193 et
1869 2156 2066 2194 ardorem.
2118 2156 2196 2206 Ag.
2224 2159 2249 2197 8
2276 2158 2357 2197 vim
2391 2158 2667 2207 ardoremque.
2720 2156 2770 2194 H.
2800 2158 2836 2201 1.

1697 2207 1745 2244 62
1773 2218 1824 2243 111.
1851 2205 1978 2244 ardor*
1999 2210 2039 2247 et
2065 2207 2128 2247 vis
2154 2208 2335 2247 militum.

1697 2255 1850 2296 viribus
1873 2259 1913 2296 et
1936 2258 2069 2298 armis.
2109 2258 2186 2299 Οἱς.
2200 2259 2240 2297 υἱ
2258 2266 2294 2299 et
2312 2260 2443 2299 armis.
2479 2261 2529 2300 H.
2552 2262 2589 2311 2,
2615 2261 2666 2299 74
2688 2258 2836 2298 bellum

1698 2320 1889 2357 armaque
1903 2329 1951 2336 —
1967 2316 2006 2349 et
2035 2312 2152 2349 vires.
2190 2312 2239 2349 H.
2253 2314 2292 2361 4,
2303 2314 2354 2350 23
2370 2313 2432 2350 vis
2447 2316 2488 2350 et
2506 2324 2631 2352 arma.
2667 2311 2718 2350 Η.
2733 2312 2772 2359 4,
2788 2312 2838 2349 68

1700 2358 1780 2397 vim
1797 2364 1920 2409 atque
1946 2373 2070 2400 arma.
2098 2362 2175 2411 Ag.
2192 2363 2244 2401 30
2260 2362 2454 2411 proelium
2475 2365 2597 2412 atque
2610 2373 2734 2401 arma.
2761 2360 2838 2409 Ag.

1699 2412 1762 2448 25.
1790 2412 1840 2450 33
1866 2421 2007 2452 manus
2036 2416 2075 2452 et
2102 2424 2226 2452 arma.
2279 2412 2357 2463 Ag.
2388 2415 2437 2453 14
2463 2413 2503 2452 vi
2536 2413 2734 2464 belloque.
2788 2412 2839 2450 H.

1699 2465 1736 2508 2,
1768 2465 1787 2499 1
1815 2474 1926 2500 arma
1955 2465 2195 2513 bellumque.
2247 2466 2298 2503 Η.
2326 2467 2364 2512 4,
2401 2467 2452 2504 52
2494 2466 2600 2503 bello
2637 2467 2679 2502 et
2704 2464 2840 2502 armis.

1700 2512 1749 2552 Η.
1778 2514 1816 2563 4,
1845 2513 1893 2553 76
1921 2513 2068 2555 ferrum
2105 2518 2146 2555 et
2178 2528 2303 2556 arma.
2357 2515 2407 2555 Η.
2435 2517 2474 2565 4,
2501 2516 2552 2556 58
2577 2514 2773 2565 proelium
2800 2517 2842 2552 ct

1698 2566 1820 2606 acies.
1872 2564 1920 2604 A.
1949 2570 1986 2617 2,
2013 2569 2063 2606 21
2090 2578 2249 2616 pugnae
2285 2571 2325 2606 et
2359 2578 2570 2606 armorum.
2624 2565 2674 2606 G.
2702 2567 2752 2606 33
2779 2576 2841 2604 ar-

1700 2618 1775 2655 mis
1801 2616 1985 2667 telisque.
2039 2618 2090 2657 H.
2118 2620 2156 2667 3,
2184 2620 2235 2657 20
2260 2618 2383 2657 armis
2410 2629 2459 2656 ac
2485 2629 2617 2657 manu.
2671 2617 2721 2656 H.
2736 2618 2774 2665 3,
2789 2617 2840 2654 53

1698 2681 1817 2707 mann
1845 2670 1885 2706 et
1912 2669 2046 2708 armis.
2098 2668 2176 2717 Ag.
2204 2669 2342 2712 36,ad
2375 2680 2584 2708 mucrones
2613 2671 2653 2708 et
2686 2678 2842 2706 manus.

1699 2721 1750 2760 H.
1769 2722 1806 2770 3,
1838 2722 1887 2761 10
1912 2719 1967 2760 ad
1993 2720 2074 2760 tela
2103 2722 2143 2760 ct
2170 2731 2323 2761 manus.
2375 2719 2425 2760 A.
2445 2722 2546 2771 13,6
2573 2719 2667 2760 telis
2693 2721 2734 2758 et
2760 2729 2840 2757 ma-

1699 2773 1829 2813 nibus.
1860 2773 1959 2821 .Ag.
1988 2774 2039 2812 33
2067 2772 2212 2812 castris
2248 2776 2289 2811 ct
2324 2773 2458 2814 armis.
2512 2773 2564 2812 Η.
2591 2773 2629 2822 2,
2657 2773 2706 2811 92
2736 2770 2842 2809 bello

1701 2828 1739 2862 et
1767 2824 1923 2864 castris.
1975 2824 2024 2862 A.
2054 2826 2116 2874 14,
2144 2824 2196 2861 20
2223 2823 2364 2864 militia
2393 2827 2434 2863 et
2460 2824 2594 2863 armis.

1698 2876 1946 2926 voluptatem
1988 2895 2038 2903 —
2081 2876 2193 2915 euius
2235 2874 2476 2915 iucunditas.
2539 2874 2616 2913 Cic.
2663 2874 2845 2921 voluptas

1701 2941 1798 2977 quae
1826 2940 1910 2964 cum
1937 2927 2166 2965 iucunditate
2193 2928 2362 2975 quadam
2385 2927 2602 2976 percipitur
2628 2923 2810 2963 sensibus.

1700 2978 1844 3027 vulgus
1872 2987 2032 3027 quoque
2060 2977 2286 3027 imperitum
2314 2980 2355 3017 et
2392 2977 2594 3016 tunicatus
2627 2975 2693 3014 hic
2720 2983 2843 3022 popu-

1700 3030 1775 3068 lus.
1827 3028 1905 3079 Ag.
1933 3030 1985 3068 43
2020 3029 2165 3078 vulgus
2203 3039 2362 3078 quoque
2397 3031 2437 3066 et
2472 3027 2538 3066 hic
2572 3025 2684 3066 aliud
2716 3033 2846 3082 agens

1701 3082 1886 3131 populus.
1938 3079 1989 3118 H.
2019 3083 2056 3129 1,
2090 3083 2115 3119 8
2148 3079 2293 3128 vulgus
2332 3083 2373 3119 et
2414 3077 2689 3128 magnitudine
2722 3084 2846 3112 mmla

1705 3131 1967 3172 communium
2001 3142 2182 3170 curarum
2230 3142 2374 3181 expers
2411 3130 2595 3181 populus.
2649 3126 2699 3167 H.
2730 3127 2764 3174 1,
2795 3124 2845 3164 35

1703 3195 1782 3223 non
1809 3183 1979 3235 populus
2006 3185 2161 3222 tantum
2189 3185 2229 3223 et
2256 3182 2441 3233 imperita
2468 3181 2597 3232 plebs.
2651 3177 2702 3216 H.
2731 3178 2767 3225 1,
2795 3175 2847 3214 36

1703 3248 1754 3274 111.
1782 3239 1975 3284 tanquam
2001 3234 2041 3272 in
2067 3235 2217 3284 populo
2244 3246 2292 3272 ac
2319 3235 2451 3284 plebe.
2504 3233 2555 3270 H.
2577 3235 2597 3269 1
2640 3231 2693 3268 40
2717 3237 2848 3284 neque

1700 3287 1839 3337 populi
1865 3289 1935 3326 aut
1961 3285 2092 3336 plebis
2119 3286 2200 3325 ulla
2228 3297 2322 3324 vox.
2347 3285 2398 3327 A.
2415 3288 2453 3334 2,
2473 3285 2523 3324 41
2537 3281 2565 3320 f.
2592 3259 2709 3320 favor
2734 3278 2846 3326 vulg¹

1704 3359 1754 3365 —
1781 3337 1912 3388 plebis
1940 3336 2084 3376 studiis
2110 3359 2161 3366 -
2187 3336 2327 3387 populi
2353 3337 2400 3375 Β..
2428 3341 2597 3373 amores.
2652 3331 2703 3370 H.
2731 3333 2769 3379 1,
2795 3330 2846 3368 82

1705 3401 1754 3426 m.
1783 3401 1897 3429 rarus
1922 3401 1994 3440 per
2020 3388 2108 3428 vias
2135 3388 2320 3439 populus,
2348 3388 2502 3426 maesta
2529 3383 2657 3434 plebs.

2595 3443 2606 3461 K
