3147 3774
255 359 320 399 32.

233 533 237 539 ·
256 513 320 552 28.

259 818 320 854 12.

259 2035 319 2070 11.

256 2186 320 2222 17.

258 2237 321 2275 39.

255 2340 319 2378 28.

262 2443 326 2478 11.

256 2543 322 2581 32.

1388 122 1681 167 ..18.-

357 255 556 296 dicendus·
613 251 662 292 A.
694 253 756 301 12,
792 252 845 291 60
881 248 1040 301 plenius
1066 271 1119 279 —
1145 252 1188 291 et
1220 249 1396 291 uberius.
1449 249 1500 290 A‘.
1572 253 1636 293 20.
1675 250 1766 291 rudi
1791 255 1999 291 caemento
2027 255 2068 292 et
2094 251 2332 295 informibus
2358 254 2519 305 tegulis.
2560 253 2610 294 G.
2637 256 2689 295 45
2716 255 2816 306 (gle-

358 309 398 358 3,
426 309 474 347 31
502 304 726 345 uberrimus
751 323 804 331 —
831 305 1048 341 oratorum.

357 359 526 409 primam
553 359 594 394 et
619 353 892 404 praecipuam.
948 355 1070 402 Qum.
1124 367 1156 394 r.
1184 366 1232 393 ac
1255 367 1388 405 praec.

358 409 475 460 probi
501 408 542 446 et
566 404 739 444 modesti
785 404 969 493 ssflaase:
1011 416 1077 445 mo
1108 403 1239 455 erati).
1294 408 1373 445 Cic.
1397 418 1436 464 p.
1465 412 1502 444 et

359 460 509 500 modest.
563 456 614 494 H.
643 458 680 505 1,
708 457 758 494 87
803 483 813 493 .
853 456 980 494 bonos
1008 458 1049 493 et
1073 456 1280 494 modestos
1307 456 1501 494 anteibat.

358 508 529 561 propriis
554 520 604 547 ac
630 507 858 547 vernaculis
885 506 1007 545 vitiis.
1047 509 1099 547 29
1124 508 1290 557 propria
1318 510 1358 546 et
1384 519 1502 556 pecu-

357 559 474 600 liaria
500 581 552 589 —
578 557 692 597 vitia.
746 558 795 597 A.
823 560 862 608 2,
888 559 940 597 43
966 556 994 596 f.
1034 560 1079 598 ut
1116 558 1322 608 proprium
1362 561 1403 597 et
1441 557 1504 597 sui

357 610 567 661 sanguinis
594 631 645 637 —
672 609 850 648 fovebat.
903 611 962 648 Pl.
991 611 1036 647 N.
1066 611 1112 648 11.
1165 614 1259 648 vites
1284 612 1503 660 peculiares

357 669 468 712 atque
492 663 725 701 venuculae
752 664 897 699 Italiae.
951 663 1009 699 ΡΙ.
1029 663 1069 699 Ρ.
1086 662 1123 709 7,
1140 662 1190 699 25
1219 664 1379 699 Caesam·
1404 674 1503 710 pro-

353 718 477 763 prium
515 721 552 753 et
588 714 793 762 peculiare.
848 714 1001 752 Sueton.
1041 715 1150 762 quasi
1177 716 1334 762 proprio
1366 725 1435 751 wo
1469 719 1506 752 et

357 766 545 816 peculiari
571 766 656 804 deo.

359 828 462 867 pura
501 819 541 854 et
580 814 809 853 innocentia
842 815 945 852 loca.
999 817 1078 853 Cic.
1114 829 1234 865 purus
1274 823 1311 854 et
1346 819 1502 864 integer.

356 871 451 907 Hor.
480 870 519 905 S.
550 869 586 915 1,
614 867 651 915 6,
680 868 731 905 69
755 881 794 915 ρ.
825 874 862 905 et
887 871 1030 906 insons.

359 917 572 969 pulchrum
611 920 652 956 et
689 917 923 967 gloriosum.
977 920 1030 957 20
1066 917 1233 958 inlustre
1261 920 1302 957 et
1339 917 1504 967 dignum

358 969 564 1009 memoria.
620 969 698 1018 Ag.
727 970 778 1008 33
804 969 1016 1019 pulchrum
1044 980 1094 1008 ac
1121 969 1323 1008 decorum.
1361 969 1439 1018 Ag.
1453 971 1504 1007 34

358 1020 567 1071 pulchram
607 1023 649 1060 et
694 1021 958 1070 spectabilem
997 1020 1221 1059 victoriam.
1288 1020 1338 1058 H.
1379 1023 1415 1069 1,
1452 1021 1504 1058 44

359 1071 573 1122 pulchrum
601 1075 643 1111 et
668 1072 943 1111 memorabile.
997 1071 1046 1110 A.
1077 1073 1138 1121 13,
1166 1073 1213 1111 31
1254 1082 1386 1119 pauca
1423 1082 1501 1108 me-

359 1123 489 1162 moria
508 1123 645 1174 digna.
677 1123 727 1162 A.
756 1125 793 1173 3,
822 1124 846 1162 5
874 1122 1027 1161 honora
1055 1124 1096 1161 et
1122 1120 1347 1171 magnifica.
1386 1120 1434 1159 A.
1466 1123 1500 1169 1,

363 1178 411 1213 11
423 1175 451 1213 f.
480 1175 633 1213 honora
659 1175 853 1213 oratione.
907 1177 961 1212 Pl.
990 1177 1032 1212 P.
1059 1175 1124 1222 56,
1151 1176 1176 1212 5
1199 1176 1397 1223 pulchrum
1423 1176 1500 1211 im-
1573 1174 1635 1211 37.

360 1230 478 1277 perio,
504 1229 709 1276 qtoriowm
736 1228 813 1264 tibi.

1598 408 1636 445 4.

1577 562 1638 600 13.

1575 664 1638 702 28.

1575 766 1638 805 29.

1576 819 1639 855 37.

1676 301 1780 352 sum)
1813 303 1912 342 rude
1938 303 2100 354 legitur,
2138 303 2308 344 informe
2334 305 2545 356 perfertur.
2598 305 2647 345 A.
2677 308 2739 356 15,
2767 308 2819 345 22

1675 353 1729 394 ad
1756 353 1924 394 informe
1950 366 2021 394 aes
2048 354 2279 405 liquefacta.

1676 406 1916 445 sanctiorem
1955 408 1997 445 et
2033 408 2306 457 augustiorem
2345 408 2626 459 eloquentiam.
2679 406 2758 448 ac.
2785 422 2818 448 ε.

1678 464 1714 495 et
1742 470 1778 494 a.
1814 456 1861 495 G.
1890 459 1942 495 34
1968 458 2147 496 sanctius
2174 468 2224 496 ac
2249 460 2512 498 reverentius.
2548 460 2596 498 G.
2624 461 2677 498 20
2703 469 2816 497 sanc·

1676 507 1818 547 tiorem
1845 507 2138 558 arctioremque
2164 531 2216 538 —
2241 519 2400 547 nexum.

1678 570 1858 599 securum
1898 562 1939 597 et
1977 559 2167 609 quietum.
2219 562 2296 599 Lic.
2322 573 2354 599 ε.
2382 567 2419 599 et
2445 574 2480 611 q.
2534 564 2589 600 ΡΙ.
2630 564 2672 600 P.
2700 563 2764 611 40,
2794 564 2814 599 1

1680 624 1833 650 securus
1861 614 2088 660 quietusque.

1680 663 1834 701 sincera
1862 665 1902 700 et
1929 661 2087 710 integra
2113 684 2165 689 —
2191 664 2349 701 natura.
2403 661 2453 701 Η.
2481 663 2520 711 4,
2549 663 2600 702 64
2626 662 2655 701 f.
2691 663 2815 702 since-

1681 725 1749 752 rus
1778 716 1818 752 et
1845 712 2001 762 integer
2027 735 2077 742 -—
2105 713 2290 763 populus.

1678 765 1804 804 teneri
1832 767 1873 803 et
1899 764 2031 803 rudes.
2083 767 2160 803 Cic.
2189 771 2216 803 t.
2243 771 2279 803 et
2304 777 2338 802 r.

1679 816 1851 854 turbidis
1879 820 1918 854 et
1946 816 2133 865 inquietis
2160 816 2420 866 temporibus,
2461 827 2554 865 opp.
2582 818 2632 856 36
2661 827 2818 865 compo-

1681 868 1759 906 sita
1788 870 1829 906 et
1856 867 1993 917 quieta
2019 890 2071 896 —-
2097 865 2314 916 republica.
2368 866 2418 906 A.
2446 868 2484 917 3,
2515 869 2562 907 12
2591 865 2751 907 turbide
2779 870 2820 907 et

1682 917 1884 957 seditiose.
1925 918 1975 957 H.
2003 920 2041 968 4,
2070 920 2120 959 68
2148 917 2175 957 f.
2203 917 2389 958 turbidus
2415 918 2630 958 miscendis
2658 918 2818 957 seditio-

1679 970 1810 1008 nibus.
1866 970 1917 1007 H.
1947 973 1982 1020 1,
2010 972 2058 1008 21
2089 969 2320 1020 compositis
2351 970 2471 1009 rebus
2496 991 2548 999 ——
2575 970 2615 1008 in
2643 969 2818 1008 turbido.

1679 1021 1727 1059 A.
1759 1024 1793 1058 1.
1822 1022 1872 1060 58
1900 1021 2036 1071 quieta
2064 1021 2237 1060 turbidis
2263 1020 2502 1060 antehabeo.
2541 1021 2590 1060 A.
2609 1023 2684 1071 4,1
2713 1032 2816 1058 com·

1735 1072 1835 1110 sitae
1848 1072 2106 1121 reipublicae.
2134 1072 2183 1111 A.
2213 1075 2274 1122 11,
2303 1074 2326 1111 7
2354 1084 2405 1111 m.
2434 1073 2569 1123 quieta
2597 1071 2818 1122 republica.

1677 1083 1821 1172 ἕξεως.
1850 1122 1990 1173 Nipp.3
2020 1123 2089 1173 qui
2117 1126 2158 1162 et
2184 1135 2210 1161 a
2237 1134 2320 1172 rep.
2349 1123 2501 1174 Dubn.)

1676 1173 1814 1213 utilius
1840 1186 1889 1212 ac
1917 1174 2070 1213 melius.
2124 1174 2173 1213 A.
2204 1177 2239 1223 1,
2266 1176 2317 1214 43
2355 1175 2499 1215 melius
2531 1178 2572 1215 et
2605 1174 2817 1214 amantius.

1675 1224 1723 1263 A.
1755 1226 1816 1274 14,
1844 1226 1895 1263 43
1923 1224 2065 1264 melius
2092 1229 2215 1277 atque
2242 1224 2403 1265 rectius.

1183 1365 1230 1419 C.
1296 1365 1472 1419 VERBA
1504 1370 1546 1419 et
1577 1366 1888 1420 PARTlGlPlA.

357 1469 623 1509 Accumulare
651 1473 693 1509 et
721 1481 941 1519 congerere
969 1467 1152 1519 (divitias
1170 1471 1210 1507 et
1228 1466 1357 1517 opes).
1396 1467 1444 1506 A.
1466 1469 1504 1517 3,

360 1523 414 1561 30
451 1533 571 1572 opum
608 1545 661 1551 -—
698 1522 850 1571 primus
889 1520 1176 1560 accumulator.
1234 1519 1283 1559 A.
1324 1520 1386 1569 13,
1420 1521 1443 1558 2
1476 1518 1504 1558 f.

361 1584 499 1612 omnes
527 1574 568 1611 in
597 1584 686 1612 eam
713 1573 887 1612 honores
915 1571 1284 1611 accumulabantur.
1337 1570 1386 1609 A.
1418 1573 1452 1619 1,
1481 1572 1506 1609 4

356 1623 386 1662 f.
416 1627 633 1673 congestos
661 1625 795 1663 iuveni
821 1624 1064 1673 consulatus,
1092 1621 1326 1672 triumphos.
1366 1621 1414 1659 A.
1445 1623 1505 1671 14,

362 1676 415 1714 53
452 1678 610 1714 tantum
650 1675 842 1714 honorum
880 1678 1003 1724 atque
1043 1677 1160 1723 opum
1198 1673 1238 1710 in
1278 1683 1341 1710 me
1373 1684 1503 1711 cumu-

362 1725 473 1764 lasti.
501 1726 550 1764 A.
578 1728 615 1775 3,
644 1728 669 1764 5
696 1739 748 1764 m.
778 1728 922 1764 cuncta
949 1738 974 1763 a
1001 1724 1219 1762 maioribus
1247 1726 1406 1772 reperta
1434 1726 1506 1762 aut

364 1788 470 1826 quae
496 1777 648 1826 posteri
676 1776 902 1815 invenerint
929 1775 1144 1814 cumulata.

364 1827 521 1877 agitare
550 1830 591 1865 et
618 1827 788 1877 insequi.
844 1830 923 1867 Cic.
951 1831 1026 1865 ins.
1055 1833 1093 1864 et
1119 1839 1156 1864 a.

363 1878 597 1916 circumcisa
625 1882 666 1917 et
692 1882 914 1928 amputata.
969 1881 1023 1916 ΡΙ.
1052 1880 1099 1915 Ε.
1130 1879 1166 1925 1,
1194 1878 1258 1925 20,
1289 1879 1338 1916 19
1366 1890 1504 1926 ampu-

362 1936 444 1969 tata
470 1932 593 1970 oratio
622 1936 658 1970 et
686 1931 850 1970 abscisa.
905 1930 982 1969 Cic.
1010 1930 1255 1969 circumcidat
1280 1935 1390 1979 atque
1417 1941 1505 1966 am—

412 1988 474 2020 tet.

357 1994 587 2070 ssncitatus
616 2035 656 2071 et
684 2032 909 2071 instinctus.
963 2031 1040 2080 Ag.
1070 2032 1119 2071 35
1145 2030 1357 2069 instinctos
1391 2029 1505 2079 (mili-

361 2082 455 2174 ἷξε).
483 2083 533 2122 Η.
562 2086 599 2133 2,
627 2085 678 2123 46
706 2083 840 2123 furore
869 2082 1043 2134 quodam
1070 2085 1111 2122 et
1137 2081 1330 2122 instinctu
1363 2079 1506 2131 flagra-

392 2137 475 2173 ant.

362 2187 602 2234 coniungere
630 2190 671 2224 et
699 2187 901 2235 copulare.
956 2189 1036 2224 Cic.
1065 2199 1100 2223 c.
1129 2192 1165 2223 et
1187 2185 1275 2233 cop.

363 2235 574 2276 debilitare
607 2249 656 2276 ac
689 2235 892 2286 frangere.
947 2239 1024 2276 Cic.
1052 2238 1088 2276 d.
1116 2243 1153 2276 et
1177 2237 1230 2285 [ἲς
1266 2237 1428 2284 fructum
1459 2248 1507 2274 ac

358 2339 590 2377 educandos
618 2339 944 2389 formandosque.
985 2341 1043 2378 Pl.
1070 2341 1115 2377 Ε.
1147 2341 1181 2384 1,
1212 2339 1261 2377 14
1286 2340 1444 2387 formari
1472 2344 1509 2375 et

363 2394 519 2430 institui.

365 2440 523 2480 efficere
551 2444 591 2480 et
621 2442 731 2480 eniti.
788 2444 863 2480 Cic.
893 2455 926 2480 e.
956 2449 993 2480 et
1019 2444 1083 2490 effi

365 2491 574 2531 elaborare
604 2495 643 2531 et
671 2492 844 2531 efficere.
899 2495 976 2532 Cic.
1006 2495 1052 2532 el.
1082 2499 1120 2531 et
1145 2493 1208 2541 eff.

362 2543 510 2582 eminet
538 2547 578 2582 et
606 2545 779 2583 excellit.
834 2547 889 2583 Pl.
917 2547 958 2583 P.
987 2545 1026 2594 2,
1052 2545 1079 2582 4
1105 2545 1257 2583 excellit
1284 2550 1395 2594 atque
1422 2548 1507 2584 emi-

362 2603 438 2633 net.
492 2596 557 2644 24,
585 2596 612 2633 4
638 2600 791 2642 emines,
821 2598 989 2635 excellis.

362 2645 543 2696 excitare
572 2649 613 2684 et
640 2646 865 2685 incendere.
921 2649 995 2685 Cic.
1024 2658 1108 2684 exc.
1137 2653 1174 2685 et
1198 2647 1441 2695 inflammare.

358 2698 504 2737 librum
533 2697 699 2736 excudit
726 2701 767 2736 et
795 2696 1058 2736 elucubravit.
1093 2699 1149 2735 Pl.
1178 2699 1223 2736 E.
1254 2700 1289 2748 1,
1319 2700 1344 2737 3
1371 2702 1506 2749 effinye

362 2752 506 2800 aliquid
532 2757 569 2789 et
596 2752 753 2789 excude.
807 2752 885 2789 Cic.
919 2763 1058 2789 causas
1078 2751 1277 2800 diligenter
1294 2752 1506 2790 elaboratas

363 2809 399 2841 et
424 2809 612 2854 tamquam
638 2803 896 2842 elucubratas.

1577 1471 1640 1508 23.

1577 1625 1641 1663 27.

1579 1677 1640 1713 15.

1578 1728 1641 1764 33.

1577 1778 1640 1816 25.

1577 1930 1641 1969 33.

1539 1991 1541 1993 ’
1580 1984 1640 2020 13.

1579 2084 1642 2123 28.

1606 2138 1642 2174 8.

1582 2545 1642 2583 18.

1579 2648 1642 2687 41.

1606 2751 1642 2789 7.

1679 1469 1903 1519 fastidiunt,
1943 1467 2125 1508 oderunt.
2180 1469 2231 1508 H.
2259 1471 2299 1519 2,
2327 1470 2378 1509 68
2417 1468 2589 1508 oderunt
2627 1473 2671 1508 ut
2709 1469 2819 1509 fasti-

1681 1520 1767 1560 diti.
1806 1520 1856 1561 H.
1887 1523 1922 1571 1,
1950 1521 1998 1560 51
2027 1519 2208 1561 fastidito
2238 1520 2419 1561 Vindice.
2451 1520 2501 1560 A.
2516 1522 2614 1571 13,1
2644 1520 2819 1560 domina-

1680 1572 1856 1612 tionibus
1882 1572 1975 1611 aliis
2001 1571 2219 1612 fastiditus.

1682 1623 1812 1662 fracta
1841 1626 1881 1662 et
1909 1623 2124 1662 deminuta.
2178 1627 2255 1663 Cic.
2282 1625 2313 1673 r.
2341 1630 2379 1663 et
2406 1625 2442 1663 d.

1681 1675 1853 1713 inridere
1881 1678 1921 1713 ct
1949 1678 2212 1713 contemnere.
2255 1677 2333 1714 Cic.
2358 1678 2383 1713 ι’.
2413 1682 2451 1714 et
2477 1688 2511 1714 c.

1681 1725 1837 1764 institui
1865 1725 2104 1775 erudirique.
2158 1728 2236 1764 Cic.
2263 1730 2289 1764 ι’.
2317 1733 2355 1764 et
2379 1738 2412 1764 e.

1683 1776 1938 1825 eloquentiae
1965 1776 2146 1815 nascenti
2172 1776 2304 1815 adhue
2331 1787 2405 1814 nec
2434 1776 2534 1815 satis
2561 1775 2739 1815 adultae.
2768 1777 2820 1814 Η.

1682 1829 1718 1876 1,
1747 1828 1795 1866 31
1824 1827 2020 1878 incipiens
2047 1826 2179 1866 adhuc
2207 1829 2250 1866 et
2274 1826 2445 1866 necdum
2483 1826 2624 1866 adulta
2662 1827 2820 1866 seditio.

1680 1881 1758 1917 Cic.
1785 1892 1861 1917 non
1887 1881 2129 1918 nascentibus
2155 1880 2321 1926 Athenis,
2348 1881 2418 1918 sed
2441 1882 2519 1918 iam
2545 1881 2692 1919 adultis.

1679 1932 1898 1979 occupatus
1926 1933 1966 1969 et
1993 1929 2196 1968 obsessus.
2251 1931 2328 1969 Cic.
2357 1931 2438 1969 obs.
2464 1937 2502 1970 et
2528 1943 2610 1969 occ.

1678 1984 1929 2030 praesentem
1948 1984 2290 2030 spectantemque.
2343 1984 2399 2019 ΡΙ.
2427 1984 2472 2019 P.
2498 1983 2550 2020 56
2576 1981 2604 2020 f.
2631 1994 2820 2031 praesen-

1683 2039 1753 2071 tem
1777 2035 2069 2082 audientemque.

1682 2082 1865 2133 probatis
1893 2082 2182 2134 spectatisque.
2237 2085 2318 2123 Cic.
2343 2097 2400 2134 sp.
2428 2090 2465 2123 et
2488 2096 2549 2134 pr.

1682 2135 1845 2174 remotIs
1873 2139 1913 2174 et
1941 2135 2185 2175 oblitteratis
2212 2134 2406 2185 exemplis
2433 2145 2526 2184 opp.
2551 2134 2741 2174 recentia.
2770 2135 2820 2172 H.

1681 2188 1719 2234 4,
1748 2189 1785 2224 8.
1813 2188 1863 2225 58
1892 2190 2031 2224 vetera
2059 2187 2255 2235 exempla.
2309 2186 2360 2224 H.
2393 2189 2427 2234 1,
2455 2188 2507 2225 50
2539 2197 2615 2224 nec
2654 2185 2734 2223 iam
2761 2197 2820 2223 re-

1685 2236 1816 2275 centia
1849 2260 1899 2265 —
1937 2237 2051 2286 pacis
2089 2237 2286 2287 exempla,
2324 2235 2378 2276 ad
2416 2236 2589 2287 repetita
2628 2235 2822 2275 bellorum

1683 2288 1886 2326 memoria.
1920 2289 1970 2325 H.
1999 2290 2036 2336 2,
2065 2290 2089 2327 3
2115 2291 2231 2326 vetus
2257 2288 2448 2325 memoria
2474 2309 2528 2315 -
2553 2287 2660 2324 fama
2687 2297 2822 2324 recen-

1685 2338 1773 2377 tior.
1827 2339 1876 2377 A.
1916 2342 1953 2388 3,
1987 2340 2038 2377 64
2076 2337 2103 2377 f.
2143 2338 2325 2387 repetitis
2363 2338 2439 2387 (sc.
2476 2350 2526 2377 ex
2564 2336 2823 2388 antiquitate)

1685 2390 1890 2440 exemplis.
1919 2389 1966 2428 A.
1998 2390 2057 2439 14,
2086 2391 2138 2429 20
2164 2389 2230 2428 'vel
2257 2389 2291 2429 si
2318 2389 2543 2430 vetustiora
2570 2392 2743 2439 repetas.
2771 2388 2820 2428 A.

1683 2443 1721 2489 3,
1750 2444 1773 2479 6
1802 2441 1828 2479 f.
1858 2441 2145 2479 vetustioribus
2173 2441 2379 2490 exemplis.
2417 2441 2466 2479 A.
2495 2443 2534 2490 4,
2562 2442 2612 2479 56
2650 2440 2822 2489 repetita

1682 2495 1897 2531 vetustate.
1925 2492 1974 2530 A.
2005 2494 2066 2541 11,
2095 2494 2146 2531 23
2174 2491 2350 2530 recentia
2377 2490 2478 2530 haec
2506 2503 2597 2541 opp.
2617 2490 2821 2530 memoria.

1682 2544 1854 2645 folutqm
1883 2547 1923 2644 e)t
1951 2554 2148 2582 enervem.
2187 2542 2238 2582 A.
2267 2546 2303 2592 1,
2332 2544 2385 2583 50
2410 2541 2437 2581 f.
2470 2542 2663 2593 languida
2691 2545 2732 2582 et
2761 2554 2821 2582 so·

1700 2598 1767 2633 uta
1813 2607 1892 2644 pax
1913 2623 1923 2632 .

1681 2646 1893 2696 spoliatam
1920 2649 2189 2696 vexatamque
2215 2656 2329 2696 prov.
2383 2648 2460 2684 Cic.
2490 2647 2673 2696 populata
2712 2651 2824 2697 atque

1682 2711 2149 2809 ἶιῖέὗίμέῗυᾞθΐθηᾱθτθ..
2183 2752 2264 2789 Cic.
2290 2756 2318 2788 t.
2345 2755 2456 2799 atque
2481 2750 2556 2798 des.
2612 2747 2663 2790 G.
2692 2750 2740 2788 14
2779 2749 2821 2789 il-

1682 2802 1761 2841 lum
1792 2801 2020 2851 defendere,
2048 2804 2165 2841 tueri.

1213 2956 1264 3009 1).
1312 2956 1559 3011 UBERTAS
1593 2954 1887 3012 0RAT10MS.

361 3066 545 3114 Studium
572 3072 756 3123 poeticae
784 3075 825 3110 et
853 3072 1070 3111 carminum
1097 3071 1282 3121 gloriam.

310 3153 320 3163 .
361 3125 608 3164 detrectaret
635 3127 779 3173 poetas
812 3126 934 3172 atque
970 3123 1187 3162 carminum
1215 3122 1390 3162 studium
1417 3136 1506 3176 pro-

362 3179 570 3216 sterneret.

362 3227 507 3277 vulgus
533 3226 762 3278 imperitum
791 3229 831 3266 et
858 3225 1062 3265 tunicatus
1089 3224 1154 3264 hic
1181 3225 1364 3284 populus.

361 3278 582 3326 ingentium
610 3290 729 3327 opum
757 3290 806 3315 ac
834 3288 1006 3326 magnae
1033 3279 1254 3326 potentiae.

359 3328 494 3369 causis
522 3327 747 3368 forensibus
776 3331 816 3368 et
844 3327 1019 3368 oratorio
1048 3326 1195 3367 studio.

358 3380 586 3421 firmissima
613 3380 845 3420 valetudine
878 3391 927 3420 ac
955 3379 1230 3419 saluberrimis
1258 3380 1507 3431 corporibus.

1683 3072 1733 3110 H.
1760 3074 1799 3132 4,
1828 3074 1878 3112 86
1907 3071 2162 3123 studiumque
2195 3071 2420 3112 litterarum
2460 3076 2502 3112 et
2534 3081 2711 3111 amorem
2740 3081 2823 3108 ear-

1684 3135 1895 3225 H.m4¹:‘ngih
1907 3175 2007 3213 caeli
2035 3174 2151 3213 favor
2179 3177 2220 3213 et
2246 3174 2454 3214 inclinatio
2482 3173 2697 3213 numinum.

1683 3226 1733 3264 H.
1764 3230 1798 3276 1,
1829 3229 1848 3264 1
1878 3226 2144 3277 principatum
2158 3227 2319 3265 Nervae
2345 3230 2386 3265 et
2412 3224 2619 3276 imperium
2647 3222 2824 3262 Traiani.

1684 3277 1734 3315 H.
1763 3280 1800 3325 3,
1829 3279 1876 3316 81
1908 3278 2039 3316 studia
2059 3277 2340 3326 philosophiae
2358 3280 2400 3316 et
2416 3275 2570 3326 placita
2589 3275 2824 3314 Stoicorum.

1683 3327 1733 3367 H.
1765 3330 1799 3387 1,
1828 3329 1878 3368 83
1907 3327 2133 3369 discrimine
2160 3327 2272 3370 urbis
2300 3330 2342 3369 et
2368 3326 2547 3379 periculo
2574 3328 2738 3366 senatus
2757 3336 2824 3364 an·

1736 3391 1841 3419 xlus.
